@article{RN1431,
   author = {Achleitner, A. K. and Lutz, E. and Mayer, J. and Spiess-Knafl, W.},
   title = {Disentangling Gut Feeling: Assessing the Integrity of Social Entrepreneurs},
   journal = {Voluntas},
   volume = {24},
   number = {1},
   pages = {93-124},
   ISSN = {0957-8765},
   DOI = {10.1007/s11266-012-9264-2},
   url = {<Go to ISI>://WOS:000314046300005
https://link.springer.com/content/pdf/10.1007/s11266-012-9264-2.pdf},
   year = {2013},
   type = {Journal Article}
}

@article{RN1518,
   author = {Achleitner, Ann-Kristin and Lutz, Eva and Mayer, Judith and Spiess-Knafl, Wolfgang},
   title = {Disentangling Gut Feeling: Assessing the Integrity of Social Entrepreneurs},
   journal = {Voluntas: International Journal of Voluntary and Nonprofit Organizations},
   volume = {24},
   number = {1},
   pages = {93-124},
   ISSN = {0957-8765, 0957-8765},
   DOI = {http://dx.doi.org/10.1007/s11266-012-9264-2},
   url = {https://login.proxy.library.emory.edu/login?url=https://www.proquest.com/scholarly-journals/disentangling-gut-feeling-assessing-integrity/docview/1463028007/se-2?accountid=10747
http://emory-primoprod.hosted.exlibrisgroup.com/openurl/01EMORY/01EMORY_services_page?url_ver=Z39.88-2004&rft_val_fmt=info:ofi/fmt:kev:mtx:journal&genre=article&sid=ProQ:ProQ%3Asocialservices&atitle=Disentangling+Gut+Feeling%3A+Assessing+the+Integrity+of+Social+Entrepreneurs&title=Voluntas%3A+International+Journal+of+Voluntary+and+Nonprofit+Organizations&issn=09578765&date=2013-03-01&volume=24&issue=1&spage=93&au=Achleitner%2C+Ann-Kristin%3BLutz%2C+Eva%3BMayer%2C+Judith%3BSpiess-Knafl%2C+Wolfgang&isbn=&jtitle=Voluntas%3A+International+Journal+of+Voluntary+and+Nonprofit+Organizations&btitle=&rft_id=info:eric/201309471&rft_id=info:doi/10.1007%2Fs11266-012-9264-2
https://link.springer.com/content/pdf/10.1007/s11266-012-9264-2.pdf},
   year = {2013},
   type = {Journal Article}
}

@article{RN1410,
   author = {Alston, M. and Eckel, C. and Meer, J. and Zhan, W.},
   title = {High-Capacity Donors' Preferences for Charitable Giving},
   journal = {Nonprofit and Voluntary Sector Quarterly},
   ISSN = {0899-7640},
   DOI = {10.1177/08997640211003251},
   url = {<Go to ISI>://WOS:000636511500001
https://journals.sagepub.com/doi/pdf/10.1177/08997640211003251},
   type = {Journal Article}
}

@article{RN1416,
   author = {Andersson, F. O. and Self, W.},
   title = {The Social-Entrepreneurship Advantage: An Experimental Study of Social Entrepreneurship and Perceptions of Nonprofit Effectiveness},
   journal = {Voluntas},
   volume = {26},
   number = {6},
   pages = {2718-2732},
   ISSN = {0957-8765},
   DOI = {10.1007/s11266-014-9543-1},
   url = {<Go to ISI>://WOS:000363943200027
https://link.springer.com/content/pdf/10.1007/s11266-014-9543-1.pdf},
   year = {2015},
   type = {Journal Article}
}

@article{RN1480,
   author = {Appe, Susan and Oreg, Ayelet},
   title = {Philanthropic Entrepreneurs Who Give Overseas: An Exploratory Study of International Giving Through Grassroots Organizations},
   journal = {Nonprofit and Voluntary Sector Quarterly},
   volume = {49},
   number = {3},
   pages = {502-522},
   ISSN = {08997640},
   DOI = {http://dx.doi.org/10.1177/0899764019878785},
   url = {https://login.proxy.library.emory.edu/login?url=https://www.proquest.com/scholarly-journals/philanthropic-entrepreneurs-who-give-overseas/docview/2401712797/se-2?accountid=10747
http://emory-primoprod.hosted.exlibrisgroup.com/openurl/01EMORY/01EMORY_services_page?url_ver=Z39.88-2004&rft_val_fmt=info:ofi/fmt:kev:mtx:journal&genre=article&sid=ProQ:ProQ%3Aabiglobal&atitle=Philanthropic+Entrepreneurs+Who+Give+Overseas%3A+An+Exploratory+Study+of+International+Giving+Through+Grassroots+Organizations&title=Nonprofit+and+Voluntary+Sector+Quarterly&issn=08997640&date=2020-06-01&volume=49&issue=3&spage=502&au=Appe%2C+Susan%3BOreg%2C+Ayelet&isbn=&jtitle=Nonprofit+and+Voluntary+Sector+Quarterly&btitle=&rft_id=info:eric/&rft_id=info:doi/10.1177%2F0899764019878785
https://journals.sagepub.com/doi/pdf/10.1177/0899764019878785},
   year = {2020},
   type = {Journal Article}
}

@article{RN1421,
   author = {Bachke, M. E. and Alfnes, F. and Wik, M.},
   title = {Eliciting Donor Preferences},
   journal = {Voluntas},
   volume = {25},
   number = {2},
   pages = {465-486},
   ISSN = {0957-8765},
   DOI = {10.1007/s11266-012-9347-0},
   url = {<Go to ISI>://WOS:000331980100009
https://link.springer.com/content/pdf/10.1007/s11266-012-9347-0.pdf},
   year = {2014},
   type = {Journal Article}
}

@article{RN1509,
   author = {Bachke, Maren Elise and Alfnes, Frode and Wik, Mette},
   title = {Eliciting Donor Preferences},
   journal = {Voluntas: International Journal of Voluntary and Nonprofit Organizations},
   volume = {25},
   number = {2},
   pages = {465-486},
   ISSN = {0957-8765, 0957-8765},
   DOI = {http://dx.doi.org/10.1007/s11266-012-9347-0},
   url = {https://login.proxy.library.emory.edu/login?url=https://www.proquest.com/scholarly-journals/eliciting-donor-preferences/docview/1680152261/se-2?accountid=10747
http://emory-primoprod.hosted.exlibrisgroup.com/openurl/01EMORY/01EMORY_services_page?url_ver=Z39.88-2004&rft_val_fmt=info:ofi/fmt:kev:mtx:journal&genre=article&sid=ProQ:ProQ%3Asocabs&atitle=Eliciting+Donor+Preferences&title=Voluntas%3A+International+Journal+of+Voluntary+and+Nonprofit+Organizations&issn=09578765&date=2014-04-01&volume=25&issue=2&spage=465&au=Bachke%2C+Maren+Elise%3BAlfnes%2C+Frode%3BWik%2C+Mette&isbn=&jtitle=Voluntas%3A+International+Journal+of+Voluntary+and+Nonprofit+Organizations&btitle=&rft_id=info:eric/201514344&rft_id=info:doi/10.1007%2Fs11266-012-9347-0
https://link.springer.com/content/pdf/10.1007/s11266-012-9347-0.pdf},
   year = {2014},
   type = {Journal Article}
}

@article{RN1418,
   author = {Ballard, P. J. and Muscatell, K. A. and Hoyt, L. T. and Flores, A. J. and Mendes, W. B.},
   title = {An Experimental Laboratory Examination of the Psychological and Physiological Effects of Civic Empowerment: A Novel Methodological Approach},
   journal = {Nonprofit and Voluntary Sector Quarterly},
   volume = {50},
   number = {1},
   pages = {118-142},
   ISSN = {0899-7640},
   DOI = {10.1177/0899764020933360},
   url = {<Go to ISI>://WOS:000545389400001
https://journals.sagepub.com/doi/pdf/10.1177/0899764020933360},
   year = {2021},
   type = {Journal Article}
}

@article{RN1441,
   author = {Barber, P. and Farwell, M. M. and Galle, B.},
   title = {Does Mandatory Disclosure Matter? The Case of Nonprofit Fundraising},
   journal = {Nonprofit and Voluntary Sector Quarterly},
   ISSN = {0899-7640},
   DOI = {10.1177/08997640211001458},
   url = {<Go to ISI>://WOS:000643448300001
https://journals.sagepub.com/doi/pdf/10.1177/08997640211001458},
   type = {Journal Article}
}

@article{RN1492,
   author = {Becker, Annika},
   title = {An Experimental Study of Voluntary Nonprofit Accountability and Effects on Public Trust, Reputation, Perceived Quality, and Donation Behavior},
   journal = {Nonprofit and Voluntary Sector Quarterly},
   volume = {47},
   number = {3},
   pages = {562-582},
   ISSN = {08997640},
   DOI = {http://dx.doi.org/10.1177/0899764018756200},
   url = {https://login.proxy.library.emory.edu/login?url=https://www.proquest.com/scholarly-journals/experimental-study-voluntary-nonprofit/docview/2036695823/se-2?accountid=10747
http://emory-primoprod.hosted.exlibrisgroup.com/openurl/01EMORY/01EMORY_services_page?url_ver=Z39.88-2004&rft_val_fmt=info:ofi/fmt:kev:mtx:journal&genre=article&sid=ProQ:ProQ%3Aabiglobal&atitle=An+Experimental+Study+of+Voluntary+Nonprofit+Accountability+and+Effects+on+Public+Trust%2C+Reputation%2C+Perceived+Quality%2C+and+Donation+Behavior&title=Nonprofit+and+Voluntary+Sector+Quarterly&issn=08997640&date=2018-06-01&volume=47&issue=3&spage=562&au=Becker%2C+Annika&isbn=&jtitle=Nonprofit+and+Voluntary+Sector+Quarterly&btitle=&rft_id=info:eric/&rft_id=info:doi/10.1177%2F0899764018756200
https://journals.sagepub.com/doi/pdf/10.1177/0899764018756200},
   year = {2018},
   type = {Journal Article}
}

@article{RN1447,
   author = {Bekkers, R. and Wiepking, P.},
   title = {A Literature Review of Empirical Studies of Philanthropy: Eight Mechanisms That Drive Charitable Giving},
   journal = {Nonprofit and Voluntary Sector Quarterly},
   volume = {40},
   number = {5},
   pages = {924-973},
   ISSN = {0899-7640},
   DOI = {10.1177/0899764010380927},
   url = {<Go to ISI>://WOS:000294848700008
https://journals.sagepub.com/doi/pdf/10.1177/0899764010380927},
   year = {2011},
   type = {Journal Article}
}

@article{RN1481,
   author = {Bodem-Schrötgens, Jutta and Becker, Annika},
   title = {Do You Like What You See? How Nonprofit Campaigns With Output, Outcome, and Impact Effectiveness Indicators Influence Charitable Behavior},
   journal = {Nonprofit and Voluntary Sector Quarterly},
   volume = {49},
   number = {2},
   pages = {316-335},
   ISSN = {08997640},
   DOI = {http://dx.doi.org/10.1177/0899764019868843},
   url = {https://login.proxy.library.emory.edu/login?url=https://www.proquest.com/scholarly-journals/do-you-like-what-see-how-nonprofit-campaigns-with/docview/2376135527/se-2?accountid=10747
http://emory-primoprod.hosted.exlibrisgroup.com/openurl/01EMORY/01EMORY_services_page?url_ver=Z39.88-2004&rft_val_fmt=info:ofi/fmt:kev:mtx:journal&genre=article&sid=ProQ:ProQ%3Aabiglobal&atitle=Do+You+Like+What+You+See%3F+How+Nonprofit+Campaigns+With+Output%2C+Outcome%2C+and+Impact+Effectiveness+Indicators+Influence+Charitable+Behavior&title=Nonprofit+and+Voluntary+Sector+Quarterly&issn=08997640&date=2020-04-01&volume=49&issue=2&spage=316&au=Bodem-Schr%C3%B6tgens%2C+Jutta%3BBecker%2C+Annika&isbn=&jtitle=Nonprofit+and+Voluntary+Sector+Quarterly&btitle=&rft_id=info:eric/&rft_id=info:doi/10.1177%2F0899764019868843
https://journals.sagepub.com/doi/pdf/10.1177/0899764019868843},
   year = {2020},
   type = {Journal Article}
}

@article{RN1486,
   author = {Bradley, Alex and Lawrence, Claire and Ferguson, Eamonn},
   title = {When the Relatively Poor Prosper: The Underdog Effect on Charitable Donations},
   journal = {Nonprofit and Voluntary Sector Quarterly},
   volume = {48},
   number = {1},
   pages = {108-127},
   ISSN = {08997640},
   DOI = {http://dx.doi.org/10.1177/0899764018794305},
   url = {https://login.proxy.library.emory.edu/login?url=https://www.proquest.com/scholarly-journals/when-relatively-poor-prosper-underdog-effect-on/docview/2170239851/se-2?accountid=10747
http://emory-primoprod.hosted.exlibrisgroup.com/openurl/01EMORY/01EMORY_services_page?url_ver=Z39.88-2004&rft_val_fmt=info:ofi/fmt:kev:mtx:journal&genre=article&sid=ProQ:ProQ%3Aabiglobal&atitle=When+the+Relatively+Poor+Prosper%3A+The+Underdog+Effect+on+Charitable+Donations&title=Nonprofit+and+Voluntary+Sector+Quarterly&issn=08997640&date=2019-02-01&volume=48&issue=1&spage=108&au=Bradley%2C+Alex%3BLawrence%2C+Claire%3BFerguson%2C+Eamonn&isbn=&jtitle=Nonprofit+and+Voluntary+Sector+Quarterly&btitle=&rft_id=info:eric/&rft_id=info:doi/10.1177%2F0899764018794305
https://journals.sagepub.com/doi/pdf/10.1177/0899764018794305},
   year = {2019},
   type = {Journal Article}
}

@article{RN1445,
   author = {Brass, J. N.},
   title = {Do Service Provision NGOs Perform Civil Society Functions? Evidence of NGOs' Relationship With Democratic Participation},
   journal = {Nonprofit and Voluntary Sector Quarterly},
   ISSN = {0899-7640},
   DOI = {10.1177/0899764021991671},
   url = {<Go to ISI>://WOS:000621144500001
https://journals.sagepub.com/doi/pdf/10.1177/0899764021991671},
   type = {Journal Article}
}

@article{RN1487,
   author = {Cao, Xiaoxia},
   title = {Impact of social information on intentions to volunteer domestically for foreign causes},
   journal = {Nonprofit Management and Leadership},
   volume = {29},
   number = {2},
   pages = {273-283},
   ISSN = {10486682},
   DOI = {http://dx.doi.org/10.1002/nml.21318},
   url = {https://login.proxy.library.emory.edu/login?url=https://www.proquest.com/scholarly-journals/impact-social-information-on-intentions-volunteer/docview/2156290878/se-2?accountid=10747
http://emory-primoprod.hosted.exlibrisgroup.com/openurl/01EMORY/01EMORY_services_page?url_ver=Z39.88-2004&rft_val_fmt=info:ofi/fmt:kev:mtx:journal&genre=article&sid=ProQ:ProQ%3Aabiglobal&atitle=Impact+of+social+information+on+intentions+to+volunteer+domestically+for+foreign+causes&title=Nonprofit+Management+and+Leadership&issn=10486682&date=2018-12-01&volume=29&issue=2&spage=273&au=Cao%2C+Xiaoxia&isbn=&jtitle=Nonprofit+Management+and+Leadership&btitle=&rft_id=info:eric/&rft_id=info:doi/10.1002%2Fnml.21318
https://onlinelibrary.wiley.com/doi/pdfdirect/10.1002/nml.21318?download=true},
   year = {2018},
   type = {Journal Article}
}

@article{RN1496,
   author = {Cao, Xiaoxia and Jia, Lei},
   title = {The Effects of the Facial Expression of Beneficiaries in Charity Appeals and Psychological Involvement on Donation Intentions},
   journal = {Nonprofit Management and Leadership},
   volume = {27},
   number = {4},
   pages = {457-473},
   ISSN = {10486682},
   DOI = {http://dx.doi.org/10.1002/nml.21261},
   url = {https://login.proxy.library.emory.edu/login?url=https://www.proquest.com/scholarly-journals/effects-facial-expression-beneficiaries-charity/docview/1904836553/se-2?accountid=10747
http://emory-primoprod.hosted.exlibrisgroup.com/openurl/01EMORY/01EMORY_services_page?url_ver=Z39.88-2004&rft_val_fmt=info:ofi/fmt:kev:mtx:journal&genre=article&sid=ProQ:ProQ%3Aabiglobal&atitle=The+Effects+of+the+Facial+Expression+of+Beneficiaries+in+Charity+Appeals+and+Psychological+Involvement+on+Donation+Intentions&title=Nonprofit+Management+and+Leadership&issn=10486682&date=2017-07-01&volume=27&issue=4&spage=457&au=Cao%2C+Xiaoxia%3BJia%2C+Lei&isbn=&jtitle=Nonprofit+Management+and+Leadership&btitle=&rft_id=info:eric/&rft_id=info:doi/10.1002%2Fnml.21261
https://onlinelibrary.wiley.com/doi/pdfdirect/10.1002/nml.21261?download=true},
   year = {2017},
   type = {Journal Article}
}

@article{RN1475,
   author = {Chaudhry, Suparna and Heiss, Andrew},
   title = {Dynamics of International Giving: How Heuristics Shape Individual Donor Preferences},
   journal = {Nonprofit and Voluntary Sector Quarterly},
   volume = {50},
   number = {3},
   pages = {481-505},
   ISSN = {08997640},
   DOI = {http://dx.doi.org/10.1177/0899764020971045},
   url = {https://login.proxy.library.emory.edu/login?url=https://www.proquest.com/scholarly-journals/dynamics-international-giving-how-heuristics/docview/2519244958/se-2?accountid=10747
http://emory-primoprod.hosted.exlibrisgroup.com/openurl/01EMORY/01EMORY_services_page?url_ver=Z39.88-2004&rft_val_fmt=info:ofi/fmt:kev:mtx:journal&genre=article&sid=ProQ:ProQ%3Aabiglobal&atitle=Dynamics+of+International+Giving%3A+How+Heuristics+Shape+Individual+Donor+Preferences&title=Nonprofit+and+Voluntary+Sector+Quarterly&issn=08997640&date=2021-06-01&volume=50&issue=3&spage=481&au=Chaudhry+Suparna%3BHeiss%2C+Andrew&isbn=&jtitle=Nonprofit+and+Voluntary+Sector+Quarterly&btitle=&rft_id=info:eric/&rft_id=info:doi/10.1177%2F0899764020971045
https://journals.sagepub.com/doi/pdf/10.1177/0899764020971045},
   year = {2021},
   type = {Journal Article}
}

@article{RN1530,
   author = {de Hoop, Thomas and van Kempen, Luuk and Fort, Ricardo},
   title = {Do Cash Transfers Crowd Out Community Investment in Public Goods? Lessons from a Field Experiment on Health Education},
   journal = {Nonprofit and Voluntary Sector Quarterly},
   volume = {41},
   number = {2},
   pages = {232-256},
   ISSN = {0899-7640, 0899-7640},
   DOI = {http://dx.doi.org/10.1177/0899764011401414},
   url = {https://login.proxy.library.emory.edu/login?url=https://www.proquest.com/scholarly-journals/do-cash-transfers-crowd-out-community-investment/docview/1030903793/se-2?accountid=10747
http://emory-primoprod.hosted.exlibrisgroup.com/openurl/01EMORY/01EMORY_services_page?url_ver=Z39.88-2004&rft_val_fmt=info:ofi/fmt:kev:mtx:journal&genre=article&sid=ProQ:ProQ%3Aassia&atitle=Do+Cash+Transfers+Crowd+Out+Community+Investment+in+Public+Goods%3F+Lessons+from+a+Field+Experiment+on+Health+Education&title=Nonprofit+and+Voluntary+Sector+Quarterly&issn=08997640&date=2012-04-01&volume=41&issue=2&spage=232&au=de+Hoop%2C+Thomas%3Bvan+Kempen%2C+Luuk%3BFort%2C+Ricardo&isbn=&jtitle=Nonprofit+and+Voluntary+Sector+Quarterly&btitle=&rft_id=info:eric/201220190&rft_id=info:doi/10.1177%2F0899764011401414
https://journals.sagepub.com/doi/pdf/10.1177/0899764011401414},
   year = {2012},
   type = {Journal Article}
}

@article{RN1442,
   author = {Drezner, N. D. and Garvey, J. C.},
   title = {LGBTQ Alumni Philanthropy: Exploring (Un)Conscious Motivations for Giving Related to Identity and Experiences},
   journal = {Nonprofit and Voluntary Sector Quarterly},
   volume = {45},
   pages = {52S-71S},
   ISSN = {0899-7640},
   DOI = {10.1177/0899764015597780},
   url = {<Go to ISI>://WOS:000368829600003
https://journals.sagepub.com/doi/pdf/10.1177/0899764015597780},
   year = {2016},
   type = {Journal Article}
}

@article{RN1533,
   author = {Evans, Susan H. and Clarke, Peter},
   title = {Training Volunteers to Run Information Technologies: A Case Study of Effectiveness at Community Food Pantries},
   journal = {Nonprofit and Voluntary Sector Quarterly},
   volume = {39},
   number = {3},
   pages = {524-535},
   ISSN = {08997640},
   DOI = {http://dx.doi.org/10.1177/0899764009333053},
   url = {https://login.proxy.library.emory.edu/login?url=https://www.proquest.com/scholarly-journals/training-volunteers-run-information-technologies/docview/1928635267/se-2?accountid=10747
http://emory-primoprod.hosted.exlibrisgroup.com/openurl/01EMORY/01EMORY_services_page?url_ver=Z39.88-2004&rft_val_fmt=info:ofi/fmt:kev:mtx:journal&genre=article&sid=ProQ:ProQ%3Aabiglobal&atitle=Training+Volunteers+to+Run+Information+Technologies%3A+A+Case+Study+of+Effectiveness+at+Community+Food+Pantries&title=Nonprofit+and+Voluntary+Sector+Quarterly&issn=08997640&date=2010-06-01&volume=39&issue=3&spage=524&au=Evans%2C+Susan+H%3BClarke%2C+Peter&isbn=&jtitle=Nonprofit+and+Voluntary+Sector+Quarterly&btitle=&rft_id=info:eric/&rft_id=info:doi/10.1177%2F0899764009333053
https://journals.sagepub.com/doi/pdf/10.1177/0899764009333053},
   year = {2010},
   type = {Journal Article}
}

@article{RN1464,
   author = {Galvin, Michael D. and Iannotti, Lora},
   title = {Social Enterprise and Development: The KickStart Model},
   journal = {Voluntas},
   volume = {26},
   number = {2},
   pages = {421-441},
   ISSN = {09578765},
   DOI = {http://dx.doi.org/10.1007/s11266-013-9424-z},
   url = {https://login.proxy.library.emory.edu/login?url=https://www.proquest.com/scholarly-journals/social-enterprise-development-kickstart-model/docview/1655083091/se-2?accountid=10747
http://emory-primoprod.hosted.exlibrisgroup.com/openurl/01EMORY/01EMORY_services_page?url_ver=Z39.88-2004&rft_val_fmt=info:ofi/fmt:kev:mtx:journal&genre=article&sid=ProQ:ProQ%3Aabiglobal&atitle=Social+Enterprise+and+Development%3A+The+KickStart+Model&title=Voluntas&issn=09578765&date=2015-04-01&volume=26&issue=2&spage=421&au=Galvin%2C+Michael+D%3BIannotti%2C+Lora&isbn=&jtitle=Voluntas&btitle=&rft_id=info:eric/&rft_id=info:doi/10.1007%2Fs11266-013-9424-z
https://link.springer.com/content/pdf/10.1007/s11266-013-9424-z.pdf},
   year = {2015},
   type = {Journal Article}
}

@article{RN1463,
   author = {Glänzel, Gunnar and Scheuerle, Thomas},
   title = {Social Impact Investing in Germany: Current Impediments from Investors' and Social Entrepreneurs' Perspectives},
   journal = {Voluntas},
   volume = {27},
   number = {4},
   pages = {1638-1668},
   ISSN = {09578765},
   DOI = {http://dx.doi.org/10.1007/s11266-015-9621-z},
   url = {https://login.proxy.library.emory.edu/login?url=https://www.proquest.com/scholarly-journals/social-impact-investing-germany-current/docview/1811141213/se-2?accountid=10747
http://emory-primoprod.hosted.exlibrisgroup.com/openurl/01EMORY/01EMORY_services_page?url_ver=Z39.88-2004&rft_val_fmt=info:ofi/fmt:kev:mtx:journal&genre=article&sid=ProQ:ProQ%3Aabiglobal&atitle=Social+Impact+Investing+in+Germany%3A+Current+Impediments+from+Investors%27+and+Social+Entrepreneurs%27+Perspectives&title=Voluntas&issn=09578765&date=2016-08-01&volume=27&issue=4&spage=1638&au=Gl%C3%A4nzel%2C+Gunnar%3BScheuerle%2C+Thomas&isbn=&jtitle=Voluntas&btitle=&rft_id=info:eric/&rft_id=info:doi/10.1007%2Fs11266-015-9621-z
https://link.springer.com/content/pdf/10.1007/s11266-015-9621-z.pdf},
   year = {2016},
   type = {Journal Article}
}

@article{RN1417,
   author = {Goering, E. and Connor, U. M. and Nagelhout, E. and Steinberg, R.},
   title = {Persuasion in Fundraising Letters: An Interdisciplinary Study},
   journal = {Nonprofit and Voluntary Sector Quarterly},
   volume = {40},
   number = {2},
   pages = {228-246},
   ISSN = {0899-7640},
   DOI = {10.1177/0899764009339216},
   url = {<Go to ISI>://WOS:000288650500002
https://journals.sagepub.com/doi/pdf/10.1177/0899764009339216},
   year = {2011},
   type = {Journal Article}
}

@article{RN1478,
   author = {Hansen, Ruth K.},
   title = {Stories of strangers: Writing donor acquisition letters in the human services},
   journal = {Nonprofit Management and Leadership},
   volume = {31},
   number = {1},
   pages = {153-173},
   ISSN = {10486682},
   DOI = {http://dx.doi.org/10.1002/nml.21414},
   url = {https://login.proxy.library.emory.edu/login?url=https://www.proquest.com/scholarly-journals/stories-strangers-writing-donor-acquisition/docview/2439336326/se-2?accountid=10747
http://emory-primoprod.hosted.exlibrisgroup.com/openurl/01EMORY/01EMORY_services_page?url_ver=Z39.88-2004&rft_val_fmt=info:ofi/fmt:kev:mtx:journal&genre=article&sid=ProQ:ProQ%3Aabiglobal&atitle=Stories+of+strangers%3A+Writing+donor+acquisition+letters+in+the+human+services&title=Nonprofit+Management+and+Leadership&issn=10486682&date=2020-10-01&volume=31&issue=1&spage=153&au=Hansen%2C+Ruth+K&isbn=&jtitle=Nonprofit+Management+and+Leadership&btitle=&rft_id=info:eric/&rft_id=info:doi/10.1002%2Fnml.21414
https://onlinelibrary.wiley.com/doi/pdfdirect/10.1002/nml.21414?download=true},
   year = {2020},
   type = {Journal Article}
}

@article{RN1500,
   author = {Helms-McCarty, Sara E. and Diette, Timothy M. and Holloway, Betsy Bugg},
   title = {Acquiring New Donors: A Field Experiment Using Bonus Trigger Incentives},
   journal = {Nonprofit and Voluntary Sector Quarterly},
   volume = {45},
   number = {2},
   pages = {261},
   ISSN = {08997640},
   DOI = {http://dx.doi.org/10.1177/0899764015583120},
   url = {https://login.proxy.library.emory.edu/login?url=https://www.proquest.com/scholarly-journals/acquiring-new-donors-field-experiment-using-bonus/docview/1775214635/se-2?accountid=10747
http://emory-primoprod.hosted.exlibrisgroup.com/openurl/01EMORY/01EMORY_services_page?url_ver=Z39.88-2004&rft_val_fmt=info:ofi/fmt:kev:mtx:journal&genre=article&sid=ProQ:ProQ%3Aabiglobal&atitle=Acquiring+New+Donors%3A+A+Field+Experiment+Using+Bonus+Trigger+Incentives&title=Nonprofit+and+Voluntary+Sector+Quarterly&issn=08997640&date=2016-04-01&volume=45&issue=2&spage=261&au=Helms-McCarty%2C+Sara+E%3BDiette%2C+Timothy+M%3BHolloway%2C+Betsy+Bugg&isbn=&jtitle=Nonprofit+and+Voluntary+Sector+Quarterly&btitle=&rft_id=info:eric/&rft_id=info:doi/10.1177%2F0899764015583120
https://journals.sagepub.com/doi/pdf/10.1177/0899764015583120},
   year = {2016},
   type = {Journal Article}
}

@article{RN1444,
   author = {Herzog, P. S. and Yang, S.},
   title = {Social Networks and Charitable Giving: Trusting, Doing, Asking, and Alter Primacy},
   journal = {Nonprofit and Voluntary Sector Quarterly},
   volume = {47},
   number = {2},
   pages = {376-394},
   ISSN = {0899-7640},
   DOI = {10.1177/0899764017746021},
   url = {<Go to ISI>://WOS:000429899500007
https://journals.sagepub.com/doi/pdf/10.1177/0899764017746021},
   year = {2018},
   type = {Journal Article}
}

@article{RN1499,
   author = {Hoogervorst, Niek and Metz, Judith and Roza, Lonneke and van Baren, Eva},
   title = {How Perceptions of Altruism and Sincerity Affect Client Trust in Volunteers Versus Paid Workers},
   journal = {Nonprofit and Voluntary Sector Quarterly},
   volume = {45},
   number = {3},
   pages = {593},
   ISSN = {08997640},
   DOI = {http://dx.doi.org/10.1177/0899764015597778},
   url = {https://login.proxy.library.emory.edu/login?url=https://www.proquest.com/scholarly-journals/how-perceptions-altruism-sincerity-affect-client/docview/1788563865/se-2?accountid=10747
http://emory-primoprod.hosted.exlibrisgroup.com/openurl/01EMORY/01EMORY_services_page?url_ver=Z39.88-2004&rft_val_fmt=info:ofi/fmt:kev:mtx:journal&genre=article&sid=ProQ:ProQ%3Aabiglobal&atitle=How+Perceptions+of+Altruism+and+Sincerity+Affect+Client+Trust+in+Volunteers+Versus+Paid+Workers&title=Nonprofit+and+Voluntary+Sector+Quarterly&issn=08997640&date=2016-06-01&volume=45&issue=3&spage=593&au=Hoogervorst%2C+Niek%3BMetz%2C+Judith%3BRoza%2C+Lonneke%3Bvan+Baren%2C+Eva&isbn=&jtitle=Nonprofit+and+Voluntary+Sector+Quarterly&btitle=&rft_id=info:eric/&rft_id=info:doi/10.1177%2F0899764015597778
https://journals.sagepub.com/doi/pdf/10.1177/0899764015597778},
   year = {2016},
   type = {Journal Article}
}

@article{RN1502,
   author = {Jackson, Kristoffer},
   title = {The Effect of Social Information on Giving from Lapsed Donors: Evidence from a Field Experiment},
   journal = {Voluntas},
   volume = {27},
   number = {2},
   pages = {920-940},
   ISSN = {09578765},
   DOI = {http://dx.doi.org/10.1007/s11266-015-9566-2},
   url = {https://login.proxy.library.emory.edu/login?url=https://www.proquest.com/scholarly-journals/effect-social-information-on-giving-lapsed-donors/docview/1771783896/se-2?accountid=10747
http://emory-primoprod.hosted.exlibrisgroup.com/openurl/01EMORY/01EMORY_services_page?url_ver=Z39.88-2004&rft_val_fmt=info:ofi/fmt:kev:mtx:journal&genre=article&sid=ProQ:ProQ%3Aabiglobal&atitle=The+Effect+of+Social+Information+on+Giving+from+Lapsed+Donors%3A+Evidence+from+a+Field+Experiment&title=Voluntas&issn=09578765&date=2016-04-01&volume=27&issue=2&spage=920&au=Jackson%2C+Kristoffer&isbn=&jtitle=Voluntas&btitle=&rft_id=info:eric/&rft_id=info:doi/10.1007%2Fs11266-015-9566-2
https://link.springer.com/content/pdf/10.1007/s11266-015-9566-2.pdf},
   year = {2016},
   type = {Journal Article}
}

@article{RN1516,
   author = {Jacob, Celine and Charles-Sire, Virginie and Gueguen, Nicolas},
   title = {"Even a Single Package of Pastas Will Help...": The Effectiveness of the Legitimizing Paltry Contribution Technique on Altruism},
   journal = {Nonprofit and Voluntary Sector Quarterly},
   volume = {42},
   number = {4},
   pages = {828-836},
   ISSN = {0899-7640, 0899-7640},
   DOI = {http://dx.doi.org/10.1177/0899764012461953},
   url = {https://login.proxy.library.emory.edu/login?url=https://www.proquest.com/scholarly-journals/even-single-package-pastas-will-help/docview/1430189218/se-2?accountid=10747
http://emory-primoprod.hosted.exlibrisgroup.com/openurl/01EMORY/01EMORY_services_page?url_ver=Z39.88-2004&rft_val_fmt=info:ofi/fmt:kev:mtx:journal&genre=article&sid=ProQ:ProQ%3Aassia&atitle=%22Even+a+Single+Package+of+Pastas+Will+Help...%22%3A+The+Effectiveness+of+the+Legitimizing+Paltry+Contribution+Technique+on+Altruism&title=Nonprofit+and+Voluntary+Sector+Quarterly&issn=08997640&date=2013-08-01&volume=42&issue=4&spage=828&au=Jacob%2C+Celine%3BCharles-Sire%2C+Virginie%3BGueguen%2C+Nicolas&isbn=&jtitle=Nonprofit+and+Voluntary+Sector+Quarterly&btitle=&rft_id=info:eric/201318206&rft_id=info:doi/10.1177%2F0899764012461953
https://journals.sagepub.com/doi/pdf/10.1177/0899764012461953},
   year = {2013},
   type = {Journal Article}
}

@article{RN1489,
   author = {James, Russell N., III},
   title = {Describing complex charitable giving instruments: Experimental tests of technical finance terms and tax benefits},
   journal = {Nonprofit Management and Leadership},
   volume = {28},
   number = {4},
   pages = {437-452},
   ISSN = {10486682},
   DOI = {http://dx.doi.org/10.1002/nml.21302},
   url = {https://login.proxy.library.emory.edu/login?url=https://www.proquest.com/scholarly-journals/describing-complex-charitable-giving-instruments/docview/2057463424/se-2?accountid=10747
http://emory-primoprod.hosted.exlibrisgroup.com/openurl/01EMORY/01EMORY_services_page?url_ver=Z39.88-2004&rft_val_fmt=info:ofi/fmt:kev:mtx:journal&genre=article&sid=ProQ:ProQ%3Aabiglobal&atitle=Describing+complex+charitable+giving+instruments%3A+Experimental+tests+of+technical+finance+terms+and+tax+benefits&title=Nonprofit+Management+and+Leadership&issn=10486682&date=2018-07-01&volume=28&issue=4&spage=437&au=James%2C+Russell+N%2C+III&isbn=&jtitle=Nonprofit+Management+and+Leadership&btitle=&rft_id=info:eric/&rft_id=info:doi/10.1002%2Fnml.21302
https://onlinelibrary.wiley.com/doi/pdfdirect/10.1002/nml.21302?download=true},
   year = {2018},
   type = {Journal Article}
}

@article{RN1412,
   author = {Jeworrek, S. and Mertins, V.},
   title = {Mission, Motivation, and the Active Decision to Work for a Social Cause},
   journal = {Nonprofit and Voluntary Sector Quarterly},
   ISSN = {0899-7640},
   DOI = {10.1177/08997640211007206},
   url = {<Go to ISI>://WOS:000643492400001
https://journals.sagepub.com/doi/pdf/10.1177/08997640211007206},
   type = {Journal Article}
}

@article{RN1484,
   author = {Johnson, Clark D. and Bauer, Brittney C. and Ascencio, Christine A. and Kuang, Yunmei},
   title = {Priming from the pulpit: Extending regulatory focus theory to church services},
   journal = {Nonprofit Management and Leadership},
   volume = {29},
   number = {3},
   pages = {437-447},
   ISSN = {10486682},
   DOI = {http://dx.doi.org/10.1002/nml.21335},
   url = {https://login.proxy.library.emory.edu/login?url=https://www.proquest.com/scholarly-journals/priming-pulpit-extending-regulatory-focus-theory/docview/2193783326/se-2?accountid=10747
http://emory-primoprod.hosted.exlibrisgroup.com/openurl/01EMORY/01EMORY_services_page?url_ver=Z39.88-2004&rft_val_fmt=info:ofi/fmt:kev:mtx:journal&genre=article&sid=ProQ:ProQ%3Aabiglobal&atitle=Priming+from+the+pulpit%3A+Extending+regulatory+focus+theory+to+church+services&title=Nonprofit+Management+and+Leadership&issn=10486682&date=2019-04-01&volume=29&issue=3&spage=437&au=Johnson%2C+Clark+D%3BBauer%2C+Brittney+C%3BAscencio%2C+Christine+A%3BKuang%2C+Yunmei&isbn=&jtitle=Nonprofit+Management+and+Leadership&btitle=&rft_id=info:eric/&rft_id=info:doi/10.1002%2Fnml.21335
https://onlinelibrary.wiley.com/doi/pdfdirect/10.1002/nml.21335?download=true},
   year = {2019},
   type = {Journal Article}
}

@article{RN1465,
   author = {Karlsson, Magnus and Markström, Urban},
   title = {Non-Profit Organizations in Mental Health: Their Roles as seen in Research},
   journal = {Voluntas},
   volume = {23},
   number = {2},
   pages = {287-301},
   ISSN = {09578765},
   DOI = {http://dx.doi.org/10.1007/s11266-011-9196-2},
   url = {https://login.proxy.library.emory.edu/login?url=https://www.proquest.com/scholarly-journals/non-profit-organizations-mental-health-their/docview/930088926/se-2?accountid=10747
http://emory-primoprod.hosted.exlibrisgroup.com/openurl/01EMORY/01EMORY_services_page?url_ver=Z39.88-2004&rft_val_fmt=info:ofi/fmt:kev:mtx:journal&genre=article&sid=ProQ:ProQ%3Aabiglobal&atitle=Non-Profit+Organizations+in+Mental+Health%3A+Their+Roles+as+seen+in+Research&title=Voluntas&issn=09578765&date=2012-06-01&volume=23&issue=2&spage=287&au=Karlsson%2C+Magnus%3BMarkstr%C3%B6m%2C+Urban&isbn=&jtitle=Voluntas&btitle=&rft_id=info:eric/&rft_id=info:doi/10.1007%2Fs11266-011-9196-2
https://link.springer.com/content/pdf/10.1007/s11266-011-9196-2.pdf},
   year = {2012},
   type = {Journal Article}
}

@article{RN1504,
   author = {Katz, Hagai and Malul, Miki},
   title = {Do You Enjoy Giving More or More than Others? The Positionality of Voluntary Contributions},
   journal = {Voluntas},
   volume = {26},
   number = {6},
   pages = {2755-2767},
   ISSN = {09578765},
   DOI = {http://dx.doi.org/10.1007/s11266-014-9544-0},
   url = {https://login.proxy.library.emory.edu/login?url=https://www.proquest.com/scholarly-journals/do-you-enjoy-giving-more-than-others/docview/1728982270/se-2?accountid=10747
http://emory-primoprod.hosted.exlibrisgroup.com/openurl/01EMORY/01EMORY_services_page?url_ver=Z39.88-2004&rft_val_fmt=info:ofi/fmt:kev:mtx:journal&genre=article&sid=ProQ:ProQ%3Aabiglobal&atitle=Do+You+Enjoy+Giving+More+or+More+than+Others%3F+The+Positionality+of+Voluntary+Contributions&title=Voluntas&issn=09578765&date=2015-12-01&volume=26&issue=6&spage=2755&au=Katz%2C+Hagai%3BMalul%2C+Miki&isbn=&jtitle=Voluntas&btitle=&rft_id=info:eric/&rft_id=info:doi/10.1007%2Fs11266-014-9544-0
https://link.springer.com/content/pdf/10.1007/s11266-014-9544-0.pdf},
   year = {2015},
   type = {Journal Article}
}

@article{RN1508,
   author = {Kim, Mirae and Van Ryzin, Gregg G.},
   title = {Impact of Government Funding on Donations to Arts Organizations: A Survey Experiment},
   journal = {Nonprofit and Voluntary Sector Quarterly},
   volume = {43},
   number = {5},
   pages = {910},
   ISSN = {08997640},
   DOI = {http://dx.doi.org/10.1177/0899764013487800},
   url = {https://login.proxy.library.emory.edu/login?url=https://www.proquest.com/scholarly-journals/impact-government-funding-on-donations-arts/docview/1566120803/se-2?accountid=10747
http://emory-primoprod.hosted.exlibrisgroup.com/openurl/01EMORY/01EMORY_services_page?url_ver=Z39.88-2004&rft_val_fmt=info:ofi/fmt:kev:mtx:journal&genre=article&sid=ProQ:ProQ%3Aabiglobal&atitle=Impact+of+Government+Funding+on+Donations+to+Arts+Organizations%3A+A+Survey+Experiment&title=Nonprofit+and+Voluntary+Sector+Quarterly&issn=08997640&date=2014-10-01&volume=43&issue=5&spage=910&au=Kim%2C+Mirae%3BVan+Ryzin%2C+Gregg+G&isbn=&jtitle=Nonprofit+and+Voluntary+Sector+Quarterly&btitle=&rft_id=info:eric/&rft_id=info:doi/10.1177%2F0899764013487800
https://journals.sagepub.com/doi/pdf/10.1177/0899764013487800},
   year = {2014},
   type = {Journal Article}
}

@article{RN1494,
   author = {Knowles, Stephen and Sullivan, Trudy},
   title = {Does Charity Begin at Home or Overseas?},
   journal = {Nonprofit and Voluntary Sector Quarterly},
   volume = {46},
   number = {5},
   pages = {944-962},
   ISSN = {08997640},
   DOI = {http://dx.doi.org/10.1177/0899764017703710},
   url = {https://login.proxy.library.emory.edu/login?url=https://www.proquest.com/scholarly-journals/does-charity-begin-at-home-overseas/docview/1978441009/se-2?accountid=10747
http://emory-primoprod.hosted.exlibrisgroup.com/openurl/01EMORY/01EMORY_services_page?url_ver=Z39.88-2004&rft_val_fmt=info:ofi/fmt:kev:mtx:journal&genre=article&sid=ProQ:ProQ%3Aabiglobal&atitle=Does+Charity+Begin+at+Home+or+Overseas%3F&title=Nonprofit+and+Voluntary+Sector+Quarterly&issn=08997640&date=2017-10-01&volume=46&issue=5&spage=944&au=Knowles%2C+Stephen%3BSullivan%2C+Trudy&isbn=&jtitle=Nonprofit+and+Voluntary+Sector+Quarterly&btitle=&rft_id=info:eric/&rft_id=info:doi/10.1177%2F0899764017703710
https://journals.sagepub.com/doi/pdf/10.1177/0899764017703710},
   year = {2017},
   type = {Journal Article}
}

@article{RN1460,
   author = {Lall, Saurabh A.},
   title = {From Legitimacy to Learning: How Impact Measurement Perceptions and Practices Evolve in Social Enterprise–Social Finance Organization Relationships},
   journal = {Voluntas},
   volume = {30},
   number = {3},
   pages = {562-577},
   ISSN = {09578765},
   DOI = {http://dx.doi.org/10.1007/s11266-018-00081-5},
   url = {https://login.proxy.library.emory.edu/login?url=https://www.proquest.com/scholarly-journals/legitimacy-learning-how-impact-measurement/docview/2169502460/se-2?accountid=10747
http://emory-primoprod.hosted.exlibrisgroup.com/openurl/01EMORY/01EMORY_services_page?url_ver=Z39.88-2004&rft_val_fmt=info:ofi/fmt:kev:mtx:journal&genre=article&sid=ProQ:ProQ%3Aabiglobal&atitle=From+Legitimacy+to+Learning%3A+How+Impact+Measurement+Perceptions+and+Practices+Evolve+in+Social+Enterprise%26ndash%3BSocial+Finance+Organization+Relationships&title=Voluntas&issn=09578765&date=2019-06-01&volume=30&issue=3&spage=562&au=Lall%2C+Saurabh+A&isbn=&jtitle=Voluntas&btitle=&rft_id=info:eric/&rft_id=info:doi/10.1007%2Fs11266-018-00081-5
https://link.springer.com/content/pdf/10.1007/s11266-018-00081-5.pdf},
   year = {2019},
   type = {Journal Article}
}

@article{RN1407,
   author = {LeRoux, K. and Krawczyk, K.},
   title = {Can Nonprofit Organizations Increase Voter Turnout? Findings From an Agency-Based Voter Mobilization Experiment},
   journal = {Nonprofit and Voluntary Sector Quarterly},
   volume = {43},
   number = {2},
   pages = {272-292},
   ISSN = {0899-7640},
   DOI = {10.1177/0899764012459909},
   url = {<Go to ISI>://WOS:000333950200004
https://journals.sagepub.com/doi/pdf/10.1177/0899764012459909},
   year = {2014},
   type = {Journal Article}
}

@article{RN1459,
   author = {Leviten-Reid, Catherine and Matthew, Rebecca and Mowbray, Orion},
   title = {Distinctions Between Non-profit, For-profit, and Public Providers: The Case of Multi-sector Rental Housing},
   journal = {Voluntas},
   volume = {30},
   number = {3},
   pages = {578-592},
   ISSN = {09578765},
   DOI = {http://dx.doi.org/10.1007/s11266-019-00120-9},
   url = {https://login.proxy.library.emory.edu/login?url=https://www.proquest.com/scholarly-journals/distinctions-between-non-profit-public-providers/docview/2212335092/se-2?accountid=10747
http://emory-primoprod.hosted.exlibrisgroup.com/openurl/01EMORY/01EMORY_services_page?url_ver=Z39.88-2004&rft_val_fmt=info:ofi/fmt:kev:mtx:journal&genre=article&sid=ProQ:ProQ%3Aabiglobal&atitle=Distinctions+Between+Non-profit%2C+For-profit%2C+and+Public+Providers%3A+The+Case+of+Multi-sector+Rental+Housing&title=Voluntas&issn=09578765&date=2019-06-01&volume=30&issue=3&spage=578&au=Leviten-Reid%2C+Catherine%3BMatthew%2C+Rebecca%3BMowbray%2C+Orion&isbn=&jtitle=Voluntas&btitle=&rft_id=info:eric/&rft_id=info:doi/10.1007%2Fs11266-019-00120-9
https://link.springer.com/content/pdf/10.1007/s11266-019-00120-9.pdf},
   year = {2019},
   type = {Journal Article}
}

@article{RN1405,
   author = {Li, H. F. and Liang, J. and Xu, H. and Liu, Y. X.},
   title = {Does Windfall Money Encourage Charitable Giving? An Experimental Study},
   journal = {Voluntas},
   volume = {30},
   number = {4},
   pages = {841-848},
   ISSN = {0957-8765},
   DOI = {10.1007/s11266-018-9985-y},
   url = {<Go to ISI>://WOS:000485314000017
https://link.springer.com/content/pdf/10.1007/s11266-018-9985-y.pdf},
   year = {2019},
   type = {Journal Article}
}

@article{RN1505,
   author = {Lin-hi, Nick and Hörisch, Jacob and Blumberg, Igor},
   title = {Does CSR Matter for Nonprofit Organizations? Testing the Link Between CSR Performance and Trustworthiness in the Nonprofit Versus For-Profit Domain},
   journal = {Voluntas},
   volume = {26},
   number = {5},
   pages = {1944-1974},
   ISSN = {09578765},
   DOI = {http://dx.doi.org/10.1007/s11266-014-9506-6},
   url = {https://login.proxy.library.emory.edu/login?url=https://www.proquest.com/scholarly-journals/does-csr-matter-nonprofit-organizations-testing/docview/1712277559/se-2?accountid=10747
http://emory-primoprod.hosted.exlibrisgroup.com/openurl/01EMORY/01EMORY_services_page?url_ver=Z39.88-2004&rft_val_fmt=info:ofi/fmt:kev:mtx:journal&genre=article&sid=ProQ:ProQ%3Aabiglobal&atitle=Does+CSR+Matter+for+Nonprofit+Organizations%3F+Testing+the+Link+Between+CSR+Performance+and+Trustworthiness+in+the+Nonprofit+Versus+For-Profit+Domain&title=Voluntas&issn=09578765&date=2015-10-01&volume=26&issue=5&spage=1944&au=Lin-hi%2C+Nick%3BH%C3%B6risch%2C+Jacob%3BBlumberg%2C+Igor&isbn=&jtitle=Voluntas&btitle=&rft_id=info:eric/&rft_id=info:doi/10.1007%2Fs11266-014-9506-6
https://link.springer.com/content/pdf/10.1007/s11266-014-9506-6.pdf},
   year = {2015},
   type = {Journal Article}
}

@article{RN1522,
   author = {Mason, Dyana P.},
   title = {Putting Charity to the Test: A Case for Field Experiments on Giving Time and Money in the Nonprofit Sector},
   journal = {Nonprofit and Voluntary Sector Quarterly},
   volume = {42},
   number = {1},
   pages = {193},
   ISSN = {08997640},
   DOI = {http://dx.doi.org/10.1177/0899764012449518},
   url = {https://login.proxy.library.emory.edu/login?url=https://www.proquest.com/scholarly-journals/putting-charity-test-case-field-experiments-on/docview/1284867895/se-2?accountid=10747
http://emory-primoprod.hosted.exlibrisgroup.com/openurl/01EMORY/01EMORY_services_page?url_ver=Z39.88-2004&rft_val_fmt=info:ofi/fmt:kev:mtx:journal&genre=article&sid=ProQ:ProQ%3Aabiglobal&atitle=Putting+Charity+to+the+Test%3A+A+Case+for+Field+Experiments+on+Giving+Time+and+Money+in+the+Nonprofit+Sector&title=Nonprofit+and+Voluntary+Sector+Quarterly&issn=08997640&date=2013-02-01&volume=42&issue=1&spage=193&au=Mason%2C+Dyana+P&isbn=&jtitle=Nonprofit+and+Voluntary+Sector+Quarterly&btitle=&rft_id=info:eric/&rft_id=info:doi/10.1177%2F0899764012449518
https://journals.sagepub.com/doi/pdf/10.1177/0899764012449518},
   year = {2013},
   type = {Journal Article}
}

@article{RN1503,
   author = {Mason, Dyana P.},
   title = {Recognition and Cross-Cultural Communications as Motivators for Charitable Giving: A Field Experiment},
   journal = {Nonprofit and Voluntary Sector Quarterly},
   volume = {45},
   number = {1},
   pages = {192},
   ISSN = {08997640},
   DOI = {http://dx.doi.org/10.1177/0899764015576408},
   url = {https://login.proxy.library.emory.edu/login?url=https://www.proquest.com/scholarly-journals/recognition-cross-cultural-communications-as/docview/1761737302/se-2?accountid=10747
http://emory-primoprod.hosted.exlibrisgroup.com/openurl/01EMORY/01EMORY_services_page?url_ver=Z39.88-2004&rft_val_fmt=info:ofi/fmt:kev:mtx:journal&genre=article&sid=ProQ:ProQ%3Aabiglobal&atitle=Recognition+and+Cross-Cultural+Communications+as+Motivators+for+Charitable+Giving%3A+A+Field+Experiment&title=Nonprofit+and+Voluntary+Sector+Quarterly&issn=08997640&date=2016-02-01&volume=45&issue=1&spage=192&au=Mason%2C+Dyana+P&isbn=&jtitle=Nonprofit+and+Voluntary+Sector+Quarterly&btitle=&rft_id=info:eric/&rft_id=info:doi/10.1177%2F0899764015576408
https://journals.sagepub.com/doi/pdf/10.1177/0899764015576408},
   year = {2016},
   type = {Journal Article}
}

@article{RN1490,
   author = {Mayer, Judith and Scheck, Barbara},
   title = {Social Investing: What Matters From the Perspective of Social Enterprises?},
   journal = {Nonprofit and Voluntary Sector Quarterly},
   volume = {47},
   number = {3},
   pages = {493-513},
   ISSN = {08997640},
   DOI = {http://dx.doi.org/10.1177/0899764017749889},
   url = {https://login.proxy.library.emory.edu/login?url=https://www.proquest.com/scholarly-journals/social-investing-what-matters-perspective/docview/2036696583/se-2?accountid=10747
http://emory-primoprod.hosted.exlibrisgroup.com/openurl/01EMORY/01EMORY_services_page?url_ver=Z39.88-2004&rft_val_fmt=info:ofi/fmt:kev:mtx:journal&genre=article&sid=ProQ:ProQ%3Aabiglobal&atitle=Social+Investing%3A+What+Matters+From+the+Perspective+of+Social+Enterprises%3F&title=Nonprofit+and+Voluntary+Sector+Quarterly&issn=08997640&date=2018-06-01&volume=47&issue=3&spage=493&au=Mayer%2C+Judith%3BScheck%2C+Barbara&isbn=&jtitle=Nonprofit+and+Voluntary+Sector+Quarterly&btitle=&rft_id=info:eric/&rft_id=info:doi/10.1177%2F0899764017749889
https://journals.sagepub.com/doi/pdf/10.1177/0899764017749889},
   year = {2018},
   type = {Journal Article}
}

@article{RN1404,
   author = {Mittone, L. and Ploner, M.},
   title = {Cooperative Attitudes Among Workers of Social Cooperatives: Evidence from an Artefactual Field Experiment},
   journal = {Voluntas},
   volume = {26},
   number = {2},
   pages = {510-530},
   ISSN = {0957-8765},
   DOI = {10.1007/s11266-014-9442-5},
   url = {<Go to ISI>://WOS:000349360700005
https://link.springer.com/content/pdf/10.1007/s11266-014-9442-5.pdf},
   year = {2015},
   type = {Journal Article}
}

@article{RN1491,
   author = {Moseley, Alice and Oliver, James and Peter, John and Richardson, Liz and Ryan, Matt and Stoker, Gerry},
   title = {The Effects of Social Information on Volunteering: A Field Experiment},
   journal = {Nonprofit and Voluntary Sector Quarterly},
   volume = {47},
   number = {3},
   pages = {583-603},
   ISSN = {08997640},
   DOI = {http://dx.doi.org/10.1177/0899764017753317},
   url = {https://login.proxy.library.emory.edu/login?url=https://www.proquest.com/scholarly-journals/effects-social-information-on-volunteering-field/docview/2036696195/se-2?accountid=10747
http://emory-primoprod.hosted.exlibrisgroup.com/openurl/01EMORY/01EMORY_services_page?url_ver=Z39.88-2004&rft_val_fmt=info:ofi/fmt:kev:mtx:journal&genre=article&sid=ProQ:ProQ%3Aabiglobal&atitle=The+Effects+of+Social+Information+on+Volunteering%3A+A+Field+Experiment&title=Nonprofit+and+Voluntary+Sector+Quarterly&issn=08997640&date=2018-06-01&volume=47&issue=3&spage=583&au=Moseley%2C+Alice%3BOliver%2C+James%3BPeter%2C+John%3BRichardson%2C+Liz%3BRyan%2C+Matt%3BStoker%2C+Gerry&isbn=&jtitle=Nonprofit+and+Voluntary+Sector+Quarterly&btitle=&rft_id=info:eric/&rft_id=info:doi/10.1177%2F0899764017753317
https://journals.sagepub.com/doi/pdf/10.1177/0899764017753317},
   year = {2018},
   type = {Journal Article}
}

@article{RN1501,
   author = {Naeem, Saima and Zaman, Asad},
   title = {Charity and Gift Exchange: Cultural Effects},
   journal = {Voluntas},
   volume = {27},
   number = {2},
   pages = {900-919},
   ISSN = {09578765},
   DOI = {http://dx.doi.org/10.1007/s11266-015-9655-2},
   url = {https://login.proxy.library.emory.edu/login?url=https://www.proquest.com/scholarly-journals/charity-gift-exchange-cultural-effects/docview/1771783968/se-2?accountid=10747
http://emory-primoprod.hosted.exlibrisgroup.com/openurl/01EMORY/01EMORY_services_page?url_ver=Z39.88-2004&rft_val_fmt=info:ofi/fmt:kev:mtx:journal&genre=article&sid=ProQ:ProQ%3Aabiglobal&atitle=Charity+and+Gift+Exchange%3A+Cultural+Effects&title=Voluntas&issn=09578765&date=2016-04-01&volume=27&issue=2&spage=900&au=Naeem%2C+Saima%3BZaman%2C+Asad&isbn=&jtitle=Voluntas&btitle=&rft_id=info:eric/&rft_id=info:doi/10.1007%2Fs11266-015-9655-2
https://link.springer.com/content/pdf/10.1007/s11266-015-9655-2.pdf},
   year = {2016},
   type = {Journal Article}
}

@article{RN1485,
   author = {Newman, George E. and Shniderman, Adam and Cain, Daylian M. and Sevel, Kyle},
   title = {Do the Ends Justify the Means? The Relative Focus on Overhead Versus Outcomes in Charitable Fundraising},
   journal = {Nonprofit and Voluntary Sector Quarterly},
   volume = {48},
   number = {1},
   pages = {71-90},
   ISSN = {08997640},
   DOI = {http://dx.doi.org/10.1177/0899764018794903},
   url = {https://login.proxy.library.emory.edu/login?url=https://www.proquest.com/scholarly-journals/do-ends-justify-means-relative-focus-on-overhead/docview/2170241581/se-2?accountid=10747
http://emory-primoprod.hosted.exlibrisgroup.com/openurl/01EMORY/01EMORY_services_page?url_ver=Z39.88-2004&rft_val_fmt=info:ofi/fmt:kev:mtx:journal&genre=article&sid=ProQ:ProQ%3Aabiglobal&atitle=Do+the+Ends+Justify+the+Means%3F+The+Relative+Focus+on+Overhead+Versus+Outcomes+in+Charitable+Fundraising&title=Nonprofit+and+Voluntary+Sector+Quarterly&issn=08997640&date=2019-02-01&volume=48&issue=1&spage=71&au=Newman%2C+George+E%3BShniderman%2C+Adam%3BCain%2C+Daylian+M%3BSevel+Kyle&isbn=&jtitle=Nonprofit+and+Voluntary+Sector+Quarterly&btitle=&rft_id=info:eric/&rft_id=info:doi/10.1177%2F0899764018794903
https://journals.sagepub.com/doi/pdf/10.1177/0899764018794903},
   year = {2019},
   type = {Journal Article}
}

@article{RN1396,
   author = {Nie, L. and Lam, W. F.},
   title = {Nonprofit Online Responsiveness: An Exploratory Field Experiment in China},
   journal = {Nonprofit and Voluntary Sector Quarterly},
   ISSN = {0899-7640},
   DOI = {10.1177/08997640211007574},
   url = {<Go to ISI>://WOS:000644057900001
https://journals.sagepub.com/doi/pdf/10.1177/08997640211007574},
   type = {Journal Article}
}

@article{RN1498,
   author = {Nisbett, Gwendelyn S. and Strzelecka, Marianna},
   title = {Appealing to Goodwill or YOLO-Promoting Conservation Volunteering to Millennials},
   journal = {Voluntas},
   volume = {28},
   number = {1},
   pages = {288-306},
   ISSN = {09578765},
   DOI = {http://dx.doi.org/10.1007/s11266-016-9815-z},
   url = {https://login.proxy.library.emory.edu/login?url=https://www.proquest.com/scholarly-journals/appealing-goodwill-yolo-promoting-conservation/docview/1865254118/se-2?accountid=10747
http://emory-primoprod.hosted.exlibrisgroup.com/openurl/01EMORY/01EMORY_services_page?url_ver=Z39.88-2004&rft_val_fmt=info:ofi/fmt:kev:mtx:journal&genre=article&sid=ProQ:ProQ%3Aabiglobal&atitle=Appealing+to+Goodwill+or+YOLO-Promoting+Conservation+Volunteering+to+Millennials&title=Voluntas&issn=09578765&date=2017-02-01&volume=28&issue=1&spage=288&au=Nisbett%2C+Gwendelyn+S%3BStrzelecka%2C+Marianna&isbn=&jtitle=Voluntas&btitle=&rft_id=info:eric/&rft_id=info:doi/10.1007%2Fs11266-016-9815-z
https://link.springer.com/content/pdf/10.1007/s11266-016-9815-z.pdf},
   year = {2017},
   type = {Journal Article}
}

@article{RN1461,
   author = {Onyx, Jenny and Simon, Darcy and Grabowski, Simone and Green, Jenny and Maxwell, Hazel},
   title = {Researching the Social Impact of Arts and Disability: Applying a New Empirical Tool and Method},
   journal = {Voluntas},
   volume = {29},
   number = {3},
   pages = {574-589},
   ISSN = {09578765},
   DOI = {http://dx.doi.org/10.1007/s11266-018-9968-z},
   url = {https://login.proxy.library.emory.edu/login?url=https://www.proquest.com/scholarly-journals/researching-social-impact-arts-disability/docview/2006664361/se-2?accountid=10747
http://emory-primoprod.hosted.exlibrisgroup.com/openurl/01EMORY/01EMORY_services_page?url_ver=Z39.88-2004&rft_val_fmt=info:ofi/fmt:kev:mtx:journal&genre=article&sid=ProQ:ProQ%3Aabiglobal&atitle=Researching+the+Social+Impact+of+Arts+and+Disability%3A+Applying+a+New+Empirical+Tool+and+Method&title=Voluntas&issn=09578765&date=2018-06-01&volume=29&issue=3&spage=574&au=Onyx%2C+Jenny%3BSimon%2C+Darcy%3BGrabowski%2C+Simone%3BGreen%2C+Jenny%3BMaxwell%2C+Hazel&isbn=&jtitle=Voluntas&btitle=&rft_id=info:eric/&rft_id=info:doi/10.1007%2Fs11266-018-9968-z
https://link.springer.com/content/pdf/10.1007/s11266-018-9968-z.pdf},
   year = {2018},
   type = {Journal Article}
}

@article{RN1482,
   author = {Peng, Shuyang and Kim, Mirae and Deat, Felix},
   title = {The Effects of Nonprofit Reputation on Charitable Giving: A Survey Experiment},
   journal = {Voluntas},
   volume = {30},
   number = {4},
   pages = {811-827},
   ISSN = {09578765},
   DOI = {http://dx.doi.org/10.1007/s11266-019-00130-7},
   url = {https://login.proxy.library.emory.edu/login?url=https://www.proquest.com/scholarly-journals/effects-nonprofit-reputation-on-charitable-giving/docview/2239448079/se-2?accountid=10747
http://emory-primoprod.hosted.exlibrisgroup.com/openurl/01EMORY/01EMORY_services_page?url_ver=Z39.88-2004&rft_val_fmt=info:ofi/fmt:kev:mtx:journal&genre=article&sid=ProQ:ProQ%3Aabiglobal&atitle=The+Effects+of+Nonprofit+Reputation+on+Charitable+Giving%3A+A+Survey+Experiment&title=Voluntas&issn=09578765&date=2019-08-01&volume=30&issue=4&spage=811&au=Peng%2C+Shuyang%3BKim%2C+Mirae%3BDeat%2C+Felix&isbn=&jtitle=Voluntas&btitle=&rft_id=info:eric/&rft_id=info:doi/10.1007%2Fs11266-019-00130-7
https://link.springer.com/content/pdf/10.1007/s11266-019-00130-7.pdf},
   year = {2019},
   type = {Journal Article}
}

@article{RN1458,
   author = {Pettigrew, Simone and Jongenelis, Michelle and Jackson, Ben and Newton, Robert U.},
   title = {“Charity Begins at Home”: Informal Caring Barriers to Formal Volunteering Among Older People},
   journal = {Voluntas},
   volume = {30},
   number = {5},
   pages = {921-931},
   ISSN = {09578765},
   DOI = {http://dx.doi.org/10.1007/s11266-018-0017-8},
   url = {https://login.proxy.library.emory.edu/login?url=https://www.proquest.com/scholarly-journals/charity-begins-at-home-informal-caring-barriers/docview/2063525093/se-2?accountid=10747
http://emory-primoprod.hosted.exlibrisgroup.com/openurl/01EMORY/01EMORY_services_page?url_ver=Z39.88-2004&rft_val_fmt=info:ofi/fmt:kev:mtx:journal&genre=article&sid=ProQ:ProQ%3Aabiglobal&atitle=%26ldquo%3BCharity+Begins+at+Home%26rdquo%3B%3A+Informal+Caring+Barriers+to+Formal+Volunteering+Among+Older+People&title=Voluntas&issn=09578765&date=2019-10-01&volume=30&issue=5&spage=921&au=Pettigrew%2C+Simone%3BJongenelis%2C+Michelle%3BJackson%2C+Ben%3BNewton%2C+Robert+U&isbn=&jtitle=Voluntas&btitle=&rft_id=info:eric/&rft_id=info:doi/10.1007%2Fs11266-018-0017-8
https://link.springer.com/content/pdf/10.1007/s11266-018-0017-8.pdf},
   year = {2019},
   type = {Journal Article}
}

@article{RN1527,
   author = {Phillips, Susan D.},
   title = {Canadian Leapfrog: From Regulating Charitable Fundraising to Co-Regulating Good Governance},
   journal = {Voluntas},
   volume = {23},
   number = {3},
   pages = {808-829},
   ISSN = {09578765},
   DOI = {http://dx.doi.org/10.1007/s11266-011-9237-x},
   url = {https://login.proxy.library.emory.edu/login?url=https://www.proquest.com/scholarly-journals/canadian-leapfrog-regulating-charitable/docview/1026726177/se-2?accountid=10747
http://emory-primoprod.hosted.exlibrisgroup.com/openurl/01EMORY/01EMORY_services_page?url_ver=Z39.88-2004&rft_val_fmt=info:ofi/fmt:kev:mtx:journal&genre=article&sid=ProQ:ProQ%3Aabiglobal&atitle=Canadian+Leapfrog%3A+From+Regulating+Charitable+Fundraising+to+Co-Regulating+Good+Governance&title=Voluntas&issn=09578765&date=2012-09-01&volume=23&issue=3&spage=808&au=Phillips%2C+Susan+D&isbn=&jtitle=Voluntas&btitle=&rft_id=info:eric/&rft_id=info:doi/10.1007%2Fs11266-011-9237-x
https://link.springer.com/content/pdf/10.1007/s11266-011-9237-x.pdf},
   year = {2012},
   type = {Journal Article}
}

@article{RN1476,
   author = {Qu, Heng and Levine, Daniel Jamie},
   title = {Is “Overhead” A Tainted Word? A Survey Experiment Exploring Framing Effects of Nonprofit Overhead on Donor Decision},
   journal = {Nonprofit and Voluntary Sector Quarterly},
   volume = {50},
   number = {2},
   pages = {397-419},
   ISSN = {08997640},
   DOI = {http://dx.doi.org/10.1177/0899764020959475},
   url = {https://login.proxy.library.emory.edu/login?url=https://www.proquest.com/scholarly-journals/is-overhead-tainted-word-survey-experiment/docview/2500885868/se-2?accountid=10747
http://emory-primoprod.hosted.exlibrisgroup.com/openurl/01EMORY/01EMORY_services_page?url_ver=Z39.88-2004&rft_val_fmt=info:ofi/fmt:kev:mtx:journal&genre=article&sid=ProQ:ProQ%3Aabiglobal&atitle=Is+%26ldquo%3BOverhead%26rdquo%3B+A+Tainted+Word%3F+A+Survey+Experiment+Exploring+Framing+Effects+of+Nonprofit+Overhead+on+Donor+Decision&title=Nonprofit+and+Voluntary+Sector+Quarterly&issn=08997640&date=2021-04-01&volume=50&issue=2&spage=397&au=Qu+Heng%3BLevine%2C+Daniel+Jamie&isbn=&jtitle=Nonprofit+and+Voluntary+Sector+Quarterly&btitle=&rft_id=info:eric/&rft_id=info:doi/10.1177%2F0899764020959475
https://journals.sagepub.com/doi/pdf/10.1177/0899764020959475},
   year = {2021},
   type = {Journal Article}
}

@article{RN1495,
   author = {Qu, Heng and Steinberg, Richard},
   title = {Charitable Giving in Nonprofit Service Associations: Identities, Incentives, and Gender Differences},
   journal = {Nonprofit and Voluntary Sector Quarterly},
   volume = {46},
   number = {5},
   pages = {984-1005},
   ISSN = {08997640},
   DOI = {http://dx.doi.org/10.1177/0899764017703709},
   url = {https://login.proxy.library.emory.edu/login?url=https://www.proquest.com/scholarly-journals/charitable-giving-nonprofit-service-associations/docview/1978440789/se-2?accountid=10747
http://emory-primoprod.hosted.exlibrisgroup.com/openurl/01EMORY/01EMORY_services_page?url_ver=Z39.88-2004&rft_val_fmt=info:ofi/fmt:kev:mtx:journal&genre=article&sid=ProQ:ProQ%3Aabiglobal&atitle=Charitable+Giving+in+Nonprofit+Service+Associations%3A+Identities%2C+Incentives%2C+and+Gender+Differences&title=Nonprofit+and+Voluntary+Sector+Quarterly&issn=08997640&date=2017-10-01&volume=46&issue=5&spage=984&au=Qu%2C+Heng%3BSteinberg%2C+Richard&isbn=&jtitle=Nonprofit+and+Voluntary+Sector+Quarterly&btitle=&rft_id=info:eric/&rft_id=info:doi/10.1177%2F0899764017703709
https://journals.sagepub.com/doi/pdf/10.1177/0899764017703709},
   year = {2017},
   type = {Journal Article}
}

@article{RN1479,
   author = {Qu, Heng and Steinberg, Richard and Burger, Ronelle},
   title = {Abiding by the Law? Using Benford’s Law to Examine the Accuracy of Nonprofit Financial Reports},
   journal = {Nonprofit and Voluntary Sector Quarterly},
   volume = {49},
   number = {3},
   pages = {548-570},
   ISSN = {08997640},
   DOI = {http://dx.doi.org/10.1177/0899764019881510},
   url = {https://login.proxy.library.emory.edu/login?url=https://www.proquest.com/scholarly-journals/abiding-law-using-benford-s-examine-accuracy/docview/2401713119/se-2?accountid=10747
http://emory-primoprod.hosted.exlibrisgroup.com/openurl/01EMORY/01EMORY_services_page?url_ver=Z39.88-2004&rft_val_fmt=info:ofi/fmt:kev:mtx:journal&genre=article&sid=ProQ:ProQ%3Aabiglobal&atitle=Abiding+by+the+Law%3F+Using+Benford%26rsquo%3Bs+Law+to+Examine+the+Accuracy+of+Nonprofit+Financial+Reports&title=Nonprofit+and+Voluntary+Sector+Quarterly&issn=08997640&date=2020-06-01&volume=49&issue=3&spage=548&au=Qu%2C+Heng%3BSteinberg%2C+Richard%3BBurger%2C+Ronelle&isbn=&jtitle=Nonprofit+and+Voluntary+Sector+Quarterly&btitle=&rft_id=info:eric/&rft_id=info:doi/10.1177%2F0899764019881510
https://journals.sagepub.com/doi/pdf/10.1177/0899764019881510},
   year = {2020},
   type = {Journal Article}
}

@article{RN1446,
   author = {Rimes, H. and Nesbit, R. and Christensen, R. K.},
   title = {Giving at Work: Exploring Connections Between Workplace Giving Campaigns and Patterns of Household Charitable Giving in the USA},
   journal = {Voluntas},
   volume = {30},
   number = {4},
   pages = {828-840},
   ISSN = {0957-8765},
   DOI = {10.1007/s11266-019-00125-4},
   url = {<Go to ISI>://WOS:000485314000016
https://link.springer.com/content/pdf/10.1007/s11266-019-00125-4.pdf},
   year = {2019},
   type = {Journal Article}
}

@article{RN1524,
   author = {Saxton, Gregory D. and Kuo, Jenn-Shyong and Ho, Yi-Cheng},
   title = {The Determinants of Voluntary Financial Disclosure by Nonprofit Organizations},
   journal = {Nonprofit and Voluntary Sector Quarterly},
   volume = {41},
   number = {6},
   pages = {1051},
   ISSN = {08997640},
   DOI = {http://dx.doi.org/10.1177/0899764011427597},
   url = {https://login.proxy.library.emory.edu/login?url=https://www.proquest.com/scholarly-journals/determinants-voluntary-financial-disclosure/docview/1196651613/se-2?accountid=10747
http://emory-primoprod.hosted.exlibrisgroup.com/openurl/01EMORY/01EMORY_services_page?url_ver=Z39.88-2004&rft_val_fmt=info:ofi/fmt:kev:mtx:journal&genre=article&sid=ProQ:ProQ%3Aabiglobal&atitle=The+Determinants+of+Voluntary+Financial+Disclosure+by+Nonprofit+Organizations&title=Nonprofit+and+Voluntary+Sector+Quarterly&issn=08997640&date=2012-12-01&volume=41&issue=6&spage=1051&au=Saxton%2C+Gregory+D%3BKuo%2C+Jenn-Shyong%3BHo%2C+Yi-Cheng&isbn=&jtitle=Nonprofit+and+Voluntary+Sector+Quarterly&btitle=&rft_id=info:eric/&rft_id=info:doi/10.1177%2F0899764011427597
https://journals.sagepub.com/doi/pdf/10.1177/0899764011427597},
   year = {2012},
   type = {Journal Article}
}

@article{RN1493,
   author = {Schrötgens, Jutta and Boenigk, Silke},
   title = {Social Impact Investment Behavior in the Nonprofit Sector: First Insights from an Online Survey Experiment},
   journal = {Voluntas},
   volume = {28},
   number = {6},
   pages = {2658-2682},
   ISSN = {09578765},
   DOI = {http://dx.doi.org/10.1007/s11266-017-9886-5},
   url = {https://login.proxy.library.emory.edu/login?url=https://www.proquest.com/scholarly-journals/social-impact-investment-behavior-nonprofit/docview/1970914877/se-2?accountid=10747
http://emory-primoprod.hosted.exlibrisgroup.com/openurl/01EMORY/01EMORY_services_page?url_ver=Z39.88-2004&rft_val_fmt=info:ofi/fmt:kev:mtx:journal&genre=article&sid=ProQ:ProQ%3Aabiglobal&atitle=Social+Impact+Investment+Behavior+in+the+Nonprofit+Sector%3A+First+Insights+from+an+Online+Survey+Experiment&title=Voluntas&issn=09578765&date=2017-12-01&volume=28&issue=6&spage=2658&au=Schr%C3%B6tgens%2C+Jutta%3BBoenigk%2C+Silke&isbn=&jtitle=Voluntas&btitle=&rft_id=info:eric/&rft_id=info:doi/10.1007%2Fs11266-017-9886-5
https://link.springer.com/content/pdf/10.1007/s11266-017-9886-5.pdf},
   year = {2017},
   type = {Journal Article}
}

@article{RN1414,
   author = {Schubert, P. and Boenigk, S.},
   title = {Pressure, Cost Accounting, and Resource Allocations: Experimental Evidence on Nonprofit Financial Decision-Making},
   journal = {Nonprofit and Voluntary Sector Quarterly},
   ISSN = {0899-7640},
   DOI = {10.1177/08997640211003218},
   url = {<Go to ISI>://WOS:000635299700001
https://journals.sagepub.com/doi/pdf/10.1177/08997640211003218},
   type = {Journal Article}
}

@article{RN1457,
   author = {Sen, Aditi and Chatterjee, Runa Sen and Nayak, Narayan Chandra and Mahakud, Jitendra},
   title = {Determinants of Individual Giving Behavior in Urban India},
   journal = {Voluntas},
   volume = {31},
   number = {2},
   pages = {271-285},
   ISSN = {09578765},
   DOI = {http://dx.doi.org/10.1007/s11266-017-9913-6},
   url = {https://login.proxy.library.emory.edu/login?url=https://www.proquest.com/scholarly-journals/determinants-individual-giving-behavior-urban/docview/2264479143/se-2?accountid=10747
http://emory-primoprod.hosted.exlibrisgroup.com/openurl/01EMORY/01EMORY_services_page?url_ver=Z39.88-2004&rft_val_fmt=info:ofi/fmt:kev:mtx:journal&genre=article&sid=ProQ:ProQ%3Aabiglobal&atitle=Determinants+of+Individual+Giving+Behavior+in+Urban+India&title=Voluntas&issn=09578765&date=2020-04-01&volume=31&issue=2&spage=271&au=Sen%2C+Aditi%3BChatterjee%2C+Runa+Sen%3BNayak%2C+Narayan+Chandra%3BMahakud+Jitendra&isbn=&jtitle=Voluntas&btitle=&rft_id=info:eric/&rft_id=info:doi/10.1007%2Fs11266-017-9913-6
https://link.springer.com/content/pdf/10.1007/s11266-017-9913-6.pdf},
   year = {2020},
   type = {Journal Article}
}

@article{RN1488,
   author = {Seung‐Chul, Yoo and Drumwright, Minette},
   title = {Nonprofit fundraising with virtual reality},
   journal = {Nonprofit Management and Leadership},
   volume = {29},
   number = {1},
   pages = {11-27},
   ISSN = {10486682},
   DOI = {http://dx.doi.org/10.1002/nml.21315},
   url = {https://login.proxy.library.emory.edu/login?url=https://www.proquest.com/scholarly-journals/nonprofit-fundraising-with-virtual-reality/docview/2102277153/se-2?accountid=10747
http://emory-primoprod.hosted.exlibrisgroup.com/openurl/01EMORY/01EMORY_services_page?url_ver=Z39.88-2004&rft_val_fmt=info:ofi/fmt:kev:mtx:journal&genre=article&sid=ProQ:ProQ%3Aabiglobal&atitle=Nonprofit+fundraising+with+virtual+reality&title=Nonprofit+Management+and+Leadership&issn=10486682&date=2018-10-01&volume=29&issue=1&spage=11&au=Seung%E2%80%90Chul+Yoo%3BDrumwright%2C+Minette&isbn=&jtitle=Nonprofit+Management+and+Leadership&btitle=&rft_id=info:eric/&rft_id=info:doi/10.1002%2Fnml.21315
https://onlinelibrary.wiley.com/doi/pdfdirect/10.1002/nml.21315?download=true},
   year = {2018},
   type = {Journal Article}
}

@article{RN1514,
   author = {Thaler, Julia and Helmig, Bernd},
   title = {Promoting Good Behavior: Does Social and Temporal Framing Make a Difference?},
   journal = {Voluntas},
   volume = {24},
   number = {4},
   pages = {1006-1036},
   ISSN = {09578765},
   DOI = {http://dx.doi.org/10.1007/s11266-012-9293-x},
   url = {https://login.proxy.library.emory.edu/login?url=https://www.proquest.com/scholarly-journals/promoting-good-behavior-does-social-temporal/docview/1440018208/se-2?accountid=10747
http://emory-primoprod.hosted.exlibrisgroup.com/openurl/01EMORY/01EMORY_services_page?url_ver=Z39.88-2004&rft_val_fmt=info:ofi/fmt:kev:mtx:journal&genre=article&sid=ProQ:ProQ%3Aabiglobal&atitle=Promoting+Good+Behavior%3A+Does+Social+and+Temporal+Framing+Make+a+Difference%3F&title=Voluntas&issn=09578765&date=2013-12-01&volume=24&issue=4&spage=1006&au=Thaler%2C+Julia%3BHelmig%2C+Bernd&isbn=&jtitle=Voluntas&btitle=&rft_id=info:eric/&rft_id=info:doi/10.1007%2Fs11266-012-9293-x
https://link.springer.com/content/pdf/10.1007/s11266-012-9293-x.pdf},
   year = {2013},
   type = {Journal Article}
}

@article{RN1497,
   author = {Tremblay-boire, Joannie and Prakash, Aseem},
   title = {Will You Trust Me?: How Individual American Donors Respond to Informational Signals Regarding Local and Global Humanitarian Charities},
   journal = {Voluntas},
   volume = {28},
   number = {2},
   pages = {621-647},
   ISSN = {09578765},
   DOI = {http://dx.doi.org/10.1007/s11266-016-9782-4},
   url = {https://login.proxy.library.emory.edu/login?url=https://www.proquest.com/scholarly-journals/will-you-trust-me-how-individual-american-donors/docview/1879369465/se-2?accountid=10747
http://emory-primoprod.hosted.exlibrisgroup.com/openurl/01EMORY/01EMORY_services_page?url_ver=Z39.88-2004&rft_val_fmt=info:ofi/fmt:kev:mtx:journal&genre=article&sid=ProQ:ProQ%3Aabiglobal&atitle=Will+You+Trust+Me%3F%3A+How+Individual+American+Donors+Respond+to+Informational+Signals+Regarding+Local+and+Global+Humanitarian+Charities&title=Voluntas&issn=09578765&date=2017-04-01&volume=28&issue=2&spage=621&au=Tremblay-boire%2C+Joannie%3BPrakash%2C+Aseem&isbn=&jtitle=Voluntas&btitle=&rft_id=info:eric/&rft_id=info:doi/10.1007%2Fs11266-016-9782-4
https://link.springer.com/content/pdf/10.1007/s11266-016-9782-4.pdf},
   year = {2017},
   type = {Journal Article}
}

@article{RN1515,
   author = {Van Puyvelde, Stijn and Caers, Ralf and Du Bois, Cind and Jegers, Marc},
   title = {Agency Problems between Managers and Employees in Nonprofit Organizations: A Discrete Choice Experiment},
   journal = {Nonprofit Management and Leadership},
   volume = {24},
   number = {1},
   pages = {63},
   ISSN = {10486682},
   url = {https://login.proxy.library.emory.edu/login?url=https://www.proquest.com/scholarly-journals/agency-problems-between-managers-employees/docview/1433348972/se-2?accountid=10747
http://emory-primoprod.hosted.exlibrisgroup.com/openurl/01EMORY/01EMORY_services_page?url_ver=Z39.88-2004&rft_val_fmt=info:ofi/fmt:kev:mtx:journal&genre=article&sid=ProQ:ProQ%3Aabiglobal&atitle=Agency+Problems+between+Managers+and+Employees+in+Nonprofit+Organizations%3A+A+Discrete+Choice+Experiment&title=Nonprofit+Management+and+Leadership&issn=10486682&date=2013-10-01&volume=24&issue=1&spage=63&au=Van+Puyvelde%2C+Stijn%3BCaers%2C+Ralf%3BDu+Bois%2C+Cind%3BJegers%2C+Marc&isbn=&jtitle=Nonprofit+Management+and+Leadership&btitle=&rft_id=info:eric/&rft_id=info:doi/},
   year = {2013},
   type = {Journal Article}
}

@article{RN1443,
   author = {van Teunenbroek, C. and Bekkers, R. and Beersma, B.},
   title = {Look to Others Before You Leap: A Systematic Literature Review of Social Information Effects on Donation Amounts},
   journal = {Nonprofit and Voluntary Sector Quarterly},
   volume = {49},
   number = {1},
   pages = {53-73},
   ISSN = {0899-7640},
   DOI = {10.1177/0899764019869537},
   url = {<Go to ISI>://WOS:000483349500001
https://journals.sagepub.com/doi/pdf/10.1177/0899764019869537},
   year = {2020},
   type = {Journal Article}
}

@article{RN1462,
   author = {Will, Matthias Georg and Pies, Ingo},
   title = {Discourse Failures and the NGO Sector: How Campaigning Can Undermine Advocacy},
   journal = {Voluntas},
   volume = {28},
   number = {3},
   pages = {1078-1109},
   ISSN = {09578765},
   DOI = {http://dx.doi.org/10.1007/s11266-016-9770-8},
   url = {https://login.proxy.library.emory.edu/login?url=https://www.proquest.com/scholarly-journals/discourse-failures-ngo-sector-how-campaigning-can/docview/1899628270/se-2?accountid=10747
http://emory-primoprod.hosted.exlibrisgroup.com/openurl/01EMORY/01EMORY_services_page?url_ver=Z39.88-2004&rft_val_fmt=info:ofi/fmt:kev:mtx:journal&genre=article&sid=ProQ:ProQ%3Aabiglobal&atitle=Discourse+Failures+and+the+NGO+Sector%3A+How+Campaigning+Can+Undermine+Advocacy&title=Voluntas&issn=09578765&date=2017-06-01&volume=28&issue=3&spage=1078&au=Will%2C+Matthias+Georg%3BPies%2C+Ingo&isbn=&jtitle=Voluntas&btitle=&rft_id=info:eric/&rft_id=info:doi/10.1007%2Fs11266-016-9770-8
https://link.springer.com/content/pdf/10.1007/s11266-016-9770-8.pdf},
   year = {2017},
   type = {Journal Article}
}

@article{RN1419,
   author = {Willems, J. and Waldner, C. J. and Dere, Y. I. and Matsuo, Y. and Hogy, K.},
   title = {The Role of Formal Third-Party Endorsements and Informal Self-Proclaiming Signals in Nonprofit Reputation Building},
   journal = {Nonprofit and Voluntary Sector Quarterly},
   volume = {46},
   number = {5},
   pages = {1092-1105},
   ISSN = {0899-7640},
   DOI = {10.1177/0899764017720770},
   url = {<Go to ISI>://WOS:000418324500010
https://journals.sagepub.com/doi/pdf/10.1177/0899764017720770},
   year = {2017},
   type = {Journal Article}
}

@article{RN1424,
   author = {Xiao, A. L. and Huang, Y. and Bortree, D. S. and Waters, R. D.},
   title = {Designing Social Media Fundraising Messages: An Experimental Approach to Understanding How Message Concreteness and Framing Influence Donation Intentions},
   journal = {Nonprofit and Voluntary Sector Quarterly},
   ISSN = {0899-7640},
   DOI = {10.1177/08997640211022838},
   url = {<Go to ISI>://WOS:000672552900001
https://journals.sagepub.com/doi/pdf/10.1177/08997640211022838},
   type = {Journal Article}
}

@article{RN1477,
   author = {Xu, Chengxin},
   title = {The Perceived Differences: The Sector Stereotype of Social Service Providers},
   journal = {Nonprofit and Voluntary Sector Quarterly},
   volume = {49},
   number = {6},
   pages = {1293-1310},
   ISSN = {08997640},
   DOI = {http://dx.doi.org/10.1177/0899764020925903},
   url = {https://login.proxy.library.emory.edu/login?url=https://www.proquest.com/scholarly-journals/perceived-differences-sector-stereotype-social/docview/2469982490/se-2?accountid=10747
http://emory-primoprod.hosted.exlibrisgroup.com/openurl/01EMORY/01EMORY_services_page?url_ver=Z39.88-2004&rft_val_fmt=info:ofi/fmt:kev:mtx:journal&genre=article&sid=ProQ:ProQ%3Aabiglobal&atitle=The+Perceived+Differences%3A+The+Sector+Stereotype+of+Social+Service+Providers&title=Nonprofit+and+Voluntary+Sector+Quarterly&issn=08997640&date=2020-12-01&volume=49&issue=6&spage=1293&au=Xu%2C+Chengxin&isbn=&jtitle=Nonprofit+and+Voluntary+Sector+Quarterly&btitle=&rft_id=info:eric/&rft_id=info:doi/10.1177%2F0899764020925903
https://journals.sagepub.com/doi/pdf/10.1177/0899764020925903},
   year = {2020},
   type = {Journal Article}
}

