@article{RN1620,
   author = {Bouchard, Marie J. and Rousselière, Damien},
   title = {Do Hybrid Organizational Forms of the Social Economy have a Greater Chance of Surviving? An Examination of the Case of Montreal},
   journal = {Voluntas},
   volume = {27},
   number = {4},
   pages = {1894-1922},
   ISSN = {09578765},
   DOI = {http://dx.doi.org/10.1007/s11266-015-9664-1},
   url = {https://login.proxy.library.emory.edu/login?url=https://www.proquest.com/scholarly-journals/do-hybrid-organizational-forms-social-economy/docview/1811906181/se-2?accountid=10747
http://emory-primoprod.hosted.exlibrisgroup.com/openurl/01EMORY/01EMORY_services_page?url_ver=Z39.88-2004&rft_val_fmt=info:ofi/fmt:kev:mtx:journal&genre=article&sid=ProQ:ProQ%3Aabiglobal&atitle=Do+Hybrid+Organizational+Forms+of+the+Social+Economy+have+a+Greater+Chance+of+Surviving%3F+An+Examination+of+the+Case+of+Montreal&title=Voluntas&issn=09578765&date=2016-08-01&volume=27&issue=4&spage=1894&au=Bouchard%2C+Marie+J%3BRousseli%C3%A8re%2C+Damien&isbn=&jtitle=Voluntas&btitle=&rft_id=info:eric/&rft_id=info:doi/10.1007%2Fs11266-015-9664-1
https://link.springer.com/content/pdf/10.1007/s11266-015-9664-1.pdf},
   year = {2016},
   type = {Journal Article}
}

@article{RN1616,
   author = {Carboni, Julia L. and Eikenberry, Angela M.},
   title = {Do Giving Circles Democratize Philanthropy? Donor Identity and Giving to Historically Marginalized Groups},
   journal = {Voluntas},
   volume = {32},
   number = {2},
   pages = {247-256},
   ISSN = {09578765},
   DOI = {http://dx.doi.org/10.1007/s11266-020-00299-2},
   url = {https://login.proxy.library.emory.edu/login?url=https://www.proquest.com/scholarly-journals/do-giving-circles-democratize-philanthropy-donor/docview/2513415226/se-2?accountid=10747
http://emory-primoprod.hosted.exlibrisgroup.com/openurl/01EMORY/01EMORY_services_page?url_ver=Z39.88-2004&rft_val_fmt=info:ofi/fmt:kev:mtx:journal&genre=article&sid=ProQ:ProQ%3Aabiglobal&atitle=Do+Giving+Circles+Democratize+Philanthropy%3F+Donor+Identity+and+Giving+to+Historically+Marginalized+Groups&title=Voluntas&issn=09578765&date=2021-04-01&volume=32&issue=2&spage=247&au=Carboni%2C+Julia+L%3BEikenberry%2C+Angela+M&isbn=&jtitle=Voluntas&btitle=&rft_id=info:eric/&rft_id=info:doi/10.1007%2Fs11266-020-00299-2
https://link.springer.com/content/pdf/10.1007/s11266-020-00299-2.pdf},
   year = {2021},
   type = {Journal Article}
}

@article{RN1627,
   author = {Eerdewijk, Anouka and Westeneng, Judith and Hoop, Thomas and Ruben, Ruerd},
   title = {Raising Societal Support for Development Cooperation: The Role of Students' Exchange Programs},
   journal = {Voluntas: International Journal of Voluntary and Nonprofit Organizations},
   volume = {20},
   number = {4},
   pages = {351-368},
   ISSN = {0957-8765, 0957-8765},
   DOI = {http://dx.doi.org/10.1007/s11266-009-9094-z},
   url = {https://login.proxy.library.emory.edu/login?url=https://www.proquest.com/scholarly-journals/raising-societal-support-development-cooperation/docview/60330188/se-2?accountid=10747
http://emory-primoprod.hosted.exlibrisgroup.com/openurl/01EMORY/01EMORY_services_page?url_ver=Z39.88-2004&rft_val_fmt=info:ofi/fmt:kev:mtx:journal&genre=article&sid=ProQ:ProQ%3Asocabs&atitle=Raising+Societal+Support+for+Development+Cooperation%3A+The+Role+of+Students%27+Exchange+Programs&title=Voluntas%3A+International+Journal+of+Voluntary+and+Nonprofit+Organizations&issn=09578765&date=2009-12-01&volume=20&issue=4&spage=351&au=Eerdewijk%2C+Anouka%3BWesteneng%2C+Judith%3BHoop%2C+Thomas%3BRuben%2C+Ruerd&isbn=&jtitle=Voluntas%3A+International+Journal+of+Voluntary+and+Nonprofit+Organizations&btitle=&rft_id=info:eric/201007220&rft_id=info:doi/10.1007%2Fs11266-009-9094-z
https://link.springer.com/content/pdf/10.1007/s11266-009-9094-z.pdf},
   year = {2009},
   type = {Journal Article}
}

@article{RN1621,
   author = {Jackson, Kristoffer},
   title = {The Effect of Social Information on Giving from Lapsed Donors: Evidence from a Field Experiment},
   journal = {Voluntas},
   volume = {27},
   number = {2},
   pages = {920-940},
   ISSN = {09578765},
   DOI = {http://dx.doi.org/10.1007/s11266-015-9566-2},
   url = {https://login.proxy.library.emory.edu/login?url=https://www.proquest.com/scholarly-journals/effect-social-information-on-giving-lapsed-donors/docview/1771783896/se-2?accountid=10747
http://emory-primoprod.hosted.exlibrisgroup.com/openurl/01EMORY/01EMORY_services_page?url_ver=Z39.88-2004&rft_val_fmt=info:ofi/fmt:kev:mtx:journal&genre=article&sid=ProQ:ProQ%3Aabiglobal&atitle=The+Effect+of+Social+Information+on+Giving+from+Lapsed+Donors%3A+Evidence+from+a+Field+Experiment&title=Voluntas&issn=09578765&date=2016-04-01&volume=27&issue=2&spage=920&au=Jackson%2C+Kristoffer&isbn=&jtitle=Voluntas&btitle=&rft_id=info:eric/&rft_id=info:doi/10.1007%2Fs11266-015-9566-2
https://link.springer.com/content/pdf/10.1007/s11266-015-9566-2.pdf},
   year = {2016},
   type = {Journal Article}
}

@article{RN1622,
   author = {Peck, Laura R. and Guo, Chao},
   title = {How Does Public Assistance Use Affect Charitable Activity? A Tale of Two Methods},
   journal = {Nonprofit and Voluntary Sector Quarterly},
   volume = {44},
   number = {4},
   pages = {665},
   ISSN = {08997640},
   DOI = {http://dx.doi.org/10.1177/0899764014527642},
   url = {https://login.proxy.library.emory.edu/login?url=https://www.proquest.com/scholarly-journals/how-does-public-assistance-use-affect-charitable/docview/1700150741/se-2?accountid=10747
http://emory-primoprod.hosted.exlibrisgroup.com/openurl/01EMORY/01EMORY_services_page?url_ver=Z39.88-2004&rft_val_fmt=info:ofi/fmt:kev:mtx:journal&genre=article&sid=ProQ:ProQ%3Aabiglobal&atitle=How+Does+Public+Assistance+Use+Affect+Charitable+Activity%3F+A+Tale+of+Two+Methods&title=Nonprofit+and+Voluntary+Sector+Quarterly&issn=08997640&date=2015-08-01&volume=44&issue=4&spage=665&au=Peck%2C+Laura+R%3BGuo%2C+Chao&isbn=&jtitle=Nonprofit+and+Voluntary+Sector+Quarterly&btitle=&rft_id=info:eric/&rft_id=info:doi/10.1177%2F0899764014527642
https://journals.sagepub.com/doi/pdf/10.1177/0899764014527642},
   year = {2015},
   type = {Journal Article}
}

@article{RN1619,
   author = {Potluka, Oto and Spacek, Martin and von Schnurbein, Georg},
   title = {Impact of the EU Structural Funds on Financial Capacities of Non-profit Organizations},
   journal = {Voluntas},
   volume = {28},
   number = {5},
   pages = {2200-2223},
   ISSN = {09578765},
   DOI = {http://dx.doi.org/10.1007/s11266-017-9845-1},
   url = {https://login.proxy.library.emory.edu/login?url=https://www.proquest.com/scholarly-journals/impact-eu-structural-funds-on-financial/docview/1947061943/se-2?accountid=10747
http://emory-primoprod.hosted.exlibrisgroup.com/openurl/01EMORY/01EMORY_services_page?url_ver=Z39.88-2004&rft_val_fmt=info:ofi/fmt:kev:mtx:journal&genre=article&sid=ProQ:ProQ%3Aabiglobal&atitle=Impact+of+the+EU+Structural+Funds+on+Financial+Capacities+of+Non-profit+Organizations&title=Voluntas&issn=09578765&date=2017-10-01&volume=28&issue=5&spage=2200&au=Potluka%2C+Oto%3BSpacek%2C+Martin%3Bvon+Schnurbein%2C+Georg&isbn=&jtitle=Voluntas&btitle=&rft_id=info:eric/&rft_id=info:doi/10.1007%2Fs11266-017-9845-1
https://link.springer.com/content/pdf/10.1007/s11266-017-9845-1.pdf},
   year = {2017},
   type = {Journal Article}
}

@article{RN1618,
   author = {Russell, Allison R. and Nyame-Mensah, Ama and de Wit, Arjen and Handy, Femida},
   title = {Volunteering and Wellbeing Among Ageing Adults: A Longitudinal Analysis},
   journal = {Voluntas},
   volume = {30},
   number = {1},
   pages = {115-128},
   ISSN = {09578765},
   DOI = {http://dx.doi.org/10.1007/s11266-018-0041-8},
   url = {https://login.proxy.library.emory.edu/login?url=https://www.proquest.com/scholarly-journals/volunteering-wellbeing-among-ageing-adults/docview/2112953062/se-2?accountid=10747
http://emory-primoprod.hosted.exlibrisgroup.com/openurl/01EMORY/01EMORY_services_page?url_ver=Z39.88-2004&rft_val_fmt=info:ofi/fmt:kev:mtx:journal&genre=article&sid=ProQ:ProQ%3Aabiglobal&atitle=Volunteering+and+Wellbeing+Among+Ageing+Adults%3A+A+Longitudinal+Analysis&title=Voluntas&issn=09578765&date=2019-02-01&volume=30&issue=1&spage=115&au=Russell%2C+Allison+R%3BNyame-Mensah%2C+Ama%3Bde+Wit%2C+Arjen%3BHandy%2C+Femida&isbn=&jtitle=Voluntas&btitle=&rft_id=info:eric/&rft_id=info:doi/10.1007%2Fs11266-018-0041-8
https://link.springer.com/content/pdf/10.1007/s11266-018-0041-8.pdf},
   year = {2019},
   type = {Journal Article}
}

@article{RN1626,
   author = {Scherhag, Christian and Boenigk, Silke},
   title = {Different or Equal Treatment? Donor Priority Strategy and Fundraising Performance Assessed by a Propensity Score Matching Study},
   journal = {Nonprofit Management and Leadership},
   volume = {23},
   number = {4},
   pages = {443},
   ISSN = {10486682},
   url = {https://login.proxy.library.emory.edu/login?url=https://www.proquest.com/scholarly-journals/different-equal-treatment-donor-priority-strategy/docview/1368999464/se-2?accountid=10747
http://emory-primoprod.hosted.exlibrisgroup.com/openurl/01EMORY/01EMORY_services_page?url_ver=Z39.88-2004&rft_val_fmt=info:ofi/fmt:kev:mtx:journal&genre=article&sid=ProQ:ProQ%3Aabiglobal&atitle=Different+or+Equal+Treatment%3F+Donor+Priority+Strategy+and+Fundraising+Performance+Assessed+by+a+Propensity+Score+Matching+Study&title=Nonprofit+Management+and+Leadership&issn=10486682&date=2013-07-01&volume=23&issue=4&spage=443&au=Scherhag%2C+Christian%3BBoenigk%2C+Silke&isbn=&jtitle=Nonprofit+Management+and+Leadership&btitle=&rft_id=info:eric/&rft_id=info:doi/},
   year = {2013},
   type = {Journal Article}
}

@article{RN1624,
   author = {Tiefenbach, Tim and Holdgrün, Phoebe Stella},
   title = {Happiness Through Participation in Neighborhood Associations in Japan? The Impact of Loneliness and Voluntariness},
   journal = {Voluntas},
   volume = {26},
   number = {1},
   pages = {69-97},
   ISSN = {09578765},
   DOI = {http://dx.doi.org/10.1007/s11266-014-9520-8},
   url = {https://login.proxy.library.emory.edu/login?url=https://www.proquest.com/scholarly-journals/happiness-through-participation-neighborhood/docview/1645537266/se-2?accountid=10747
http://emory-primoprod.hosted.exlibrisgroup.com/openurl/01EMORY/01EMORY_services_page?url_ver=Z39.88-2004&rft_val_fmt=info:ofi/fmt:kev:mtx:journal&genre=article&sid=ProQ:ProQ%3Aabiglobal&atitle=Happiness+Through+Participation+in+Neighborhood+Associations+in+Japan%3F+The+Impact+of+Loneliness+and+Voluntariness&title=Voluntas&issn=09578765&date=2015-02-01&volume=26&issue=1&spage=69&au=Tiefenbach%2C+Tim%3BHoldgr%C3%BCn%2C+Phoebe+Stella&isbn=&jtitle=Voluntas&btitle=&rft_id=info:eric/&rft_id=info:doi/10.1007%2Fs11266-014-9520-8
https://link.springer.com/content/pdf/10.1007/s11266-014-9520-8.pdf},
   year = {2015},
   type = {Journal Article}
}

@article{RN1628,
   author = {van Eerdewijk, Anouka and Westeneng, Judith and de Hoop, Thomas and Ruben, Ruerd},
   title = {Raising Societal Support for Development Cooperation: The Role of Students' Exchange Programs},
   journal = {Voluntas},
   volume = {20},
   number = {4},
   pages = {351-368},
   ISSN = {09578765},
   DOI = {http://dx.doi.org/10.1007/s11266-009-9094-z},
   url = {https://login.proxy.library.emory.edu/login?url=https://www.proquest.com/scholarly-journals/raising-societal-support-development-cooperation/docview/235983687/se-2?accountid=10747
http://emory-primoprod.hosted.exlibrisgroup.com/openurl/01EMORY/01EMORY_services_page?url_ver=Z39.88-2004&rft_val_fmt=info:ofi/fmt:kev:mtx:journal&genre=article&sid=ProQ:ProQ%3Aabiglobal&atitle=Raising+Societal+Support+for+Development+Cooperation%3A+The+Role+of+Students%27+Exchange+Programs&title=Voluntas&issn=09578765&date=2009-12-01&volume=20&issue=4&spage=351&au=van+Eerdewijk%2C+Anouka%3BWesteneng%2C+Judith%3Bde+Hoop%2C+Thomas%3BRuben%2C+Ruerd&isbn=&jtitle=Voluntas&btitle=&rft_id=info:eric/&rft_id=info:doi/10.1007%2Fs11266-009-9094-z
https://link.springer.com/content/pdf/10.1007/s11266-009-9094-z.pdf},
   year = {2009},
   type = {Journal Article}
}

@article{RN1623,
   author = {Verbruggen, Sandra and Christiaens, Johan and Reheul, Anne-Mie and Van Caneghem, Tom},
   title = {Analysis of Audit Fees for Nonprofits: Resource Dependence and Agency Theory Approaches},
   journal = {Nonprofit and Voluntary Sector Quarterly},
   volume = {44},
   number = {4},
   pages = {734},
   ISSN = {08997640},
   DOI = {http://dx.doi.org/10.1177/0899764014551279},
   url = {https://login.proxy.library.emory.edu/login?url=https://www.proquest.com/scholarly-journals/analysis-audit-fees-nonprofits-resource/docview/1700150723/se-2?accountid=10747
http://emory-primoprod.hosted.exlibrisgroup.com/openurl/01EMORY/01EMORY_services_page?url_ver=Z39.88-2004&rft_val_fmt=info:ofi/fmt:kev:mtx:journal&genre=article&sid=ProQ:ProQ%3Aabiglobal&atitle=Analysis+of+Audit+Fees+for+Nonprofits%3A+Resource+Dependence+and+Agency+Theory+Approaches&title=Nonprofit+and+Voluntary+Sector+Quarterly&issn=08997640&date=2015-08-01&volume=44&issue=4&spage=734&au=Verbruggen%2C+Sandra%3BChristiaens%2C+Johan%3BReheul%2C+Anne-Mie%3BVan+Caneghem%2C+Tom&isbn=&jtitle=Nonprofit+and+Voluntary+Sector+Quarterly&btitle=&rft_id=info:eric/&rft_id=info:doi/10.1177%2F0899764014551279
https://journals.sagepub.com/doi/pdf/10.1177/0899764014551279},
   year = {2015},
   type = {Journal Article}
}

@article{RN1617,
   author = {Yang, Yongzheng and Zhang, Jinbao and Liu, Peixu},
   title = {The Impact of Public Assistance Use on Charitable Giving: Evidence from the USA and China},
   journal = {Voluntas},
   volume = {32},
   number = {2},
   pages = {401-413},
   ISSN = {09578765},
   DOI = {http://dx.doi.org/10.1007/s11266-020-00308-4},
   url = {https://login.proxy.library.emory.edu/login?url=https://www.proquest.com/scholarly-journals/impact-public-assistance-use-on-charitable-giving/docview/2513414832/se-2?accountid=10747
http://emory-primoprod.hosted.exlibrisgroup.com/openurl/01EMORY/01EMORY_services_page?url_ver=Z39.88-2004&rft_val_fmt=info:ofi/fmt:kev:mtx:journal&genre=article&sid=ProQ:ProQ%3Aabiglobal&atitle=The+Impact+of+Public+Assistance+Use+on+Charitable+Giving%3A+Evidence+from+the+USA+and+China&title=Voluntas&issn=09578765&date=2021-04-01&volume=32&issue=2&spage=401&au=Yang+Yongzheng%3BZhang+Jinbao%3BLiu+Peixu&isbn=&jtitle=Voluntas&btitle=&rft_id=info:eric/&rft_id=info:doi/10.1007%2Fs11266-020-00308-4
https://link.springer.com/content/pdf/10.1007/s11266-020-00308-4.pdf},
   year = {2021},
   type = {Journal Article}
}

@article{RN1625,
   author = {Zorn, Theodore E. and Grant, Suzanne and Henderson, Alison},
   title = {Strengthening Resource Mobilization Chains: Developing the Social Media Competencies of Community and Voluntary Organizations in New Zealand},
   journal = {Voluntas},
   volume = {24},
   number = {3},
   pages = {666-687},
   ISSN = {09578765},
   DOI = {http://dx.doi.org/10.1007/s11266-012-9265-1},
   url = {https://login.proxy.library.emory.edu/login?url=https://www.proquest.com/scholarly-journals/strengthening-resource-mobilization-chains/docview/1413410619/se-2?accountid=10747
http://emory-primoprod.hosted.exlibrisgroup.com/openurl/01EMORY/01EMORY_services_page?url_ver=Z39.88-2004&rft_val_fmt=info:ofi/fmt:kev:mtx:journal&genre=article&sid=ProQ:ProQ%3Aabiglobal&atitle=Strengthening+Resource+Mobilization+Chains%3A+Developing+the+Social+Media+Competencies+of+Community+and+Voluntary+Organizations+in+New+Zealand&title=Voluntas&issn=09578765&date=2013-09-01&volume=24&issue=3&spage=666&au=Zorn%2C+Theodore+E%3BGrant%2C+Suzanne%3BHenderson%2C+Alison&isbn=&jtitle=Voluntas&btitle=&rft_id=info:eric/&rft_id=info:doi/10.1007%2Fs11266-012-9265-1
https://link.springer.com/content/pdf/10.1007/s11266-012-9265-1.pdf},
   year = {2013},
   type = {Journal Article}
}

