@article{RN1884,
   author = {Lall, Saurabh},
   title = {Measuring to Improve Versus Measuring to Prove: Understanding the Adoption of Social Performance Measurement Practices in Nascent Social Enterprises},
   journal = {Voluntas},
   volume = {28},
   number = {6},
   pages = {2633-2657},
   ISSN = {09578765},
   DOI = {http://dx.doi.org/10.1007/s11266-017-9898-1},
   url = {https://login.proxy.library.emory.edu/login?url=https://www.proquest.com/scholarly-journals/measuring-improve-versus-prove-understanding/docview/1970914823/se-2?accountid=10747
http://emory-primoprod.hosted.exlibrisgroup.com/openurl/01EMORY/01EMORY_services_page?url_ver=Z39.88-2004&rft_val_fmt=info:ofi/fmt:kev:mtx:journal&genre=article&sid=ProQ:ProQ%3Aabiglobal&atitle=Measuring+to+Improve+Versus+Measuring+to+Prove%3A+Understanding+the+Adoption+of+Social+Performance+Measurement+Practices+in+Nascent+Social+Enterprises&title=Voluntas&issn=09578765&date=2017-12-01&volume=28&issue=6&spage=2633&au=Lall%2C+Saurabh&isbn=&jtitle=Voluntas&btitle=&rft_id=info:eric/&rft_id=info:doi/10.1007%2Fs11266-017-9898-1
https://link.springer.com/content/pdf/10.1007/s11266-017-9898-1.pdf},
   year = {2017},
   type = {Journal Article}
}

@article{RN1881,
   author = {Oelberger, Carrie R. and Shachter, Simon Y.},
   title = {National Sovereignty and Transnational Philanthropy: The Impact of Countries’ Foreign Aid Restrictions on US Foundation Funding},
   journal = {Voluntas},
   volume = {32},
   number = {2},
   pages = {204-219},
   ISSN = {09578765},
   DOI = {http://dx.doi.org/10.1007/s11266-020-00265-y},
   url = {https://login.proxy.library.emory.edu/login?url=https://www.proquest.com/scholarly-journals/national-sovereignty-transnational-philanthropy/docview/2513419154/se-2?accountid=10747
http://emory-primoprod.hosted.exlibrisgroup.com/openurl/01EMORY/01EMORY_services_page?url_ver=Z39.88-2004&rft_val_fmt=info:ofi/fmt:kev:mtx:journal&genre=article&sid=ProQ:ProQ%3Aabiglobal&atitle=National+Sovereignty+and+Transnational+Philanthropy%3A+The+Impact+of+Countries%26rsquo%3B+Foreign+Aid+Restrictions+on+US+Foundation+Funding&title=Voluntas&issn=09578765&date=2021-04-01&volume=32&issue=2&spage=204&au=Oelberger%2C+Carrie+R%3BShachter%2C+Simon+Y&isbn=&jtitle=Voluntas&btitle=&rft_id=info:eric/&rft_id=info:doi/10.1007%2Fs11266-020-00265-y
https://link.springer.com/content/pdf/10.1007/s11266-020-00265-y.pdf},
   year = {2021},
   type = {Journal Article}
}

@article{RN1882,
   author = {Tarasuk, Valerie and Fafard St-Germain, Andrée-Anne and Loopstra, Rachel},
   title = {The Relationship Between Food Banks and Food Insecurity: Insights from Canada},
   journal = {Voluntas},
   volume = {31},
   number = {5},
   pages = {841-852},
   ISSN = {09578765},
   DOI = {http://dx.doi.org/10.1007/s11266-019-00092-w},
   url = {https://login.proxy.library.emory.edu/login?url=https://www.proquest.com/scholarly-journals/relationship-between-food-banks-insecurity/docview/2471635249/se-2?accountid=10747
http://emory-primoprod.hosted.exlibrisgroup.com/openurl/01EMORY/01EMORY_services_page?url_ver=Z39.88-2004&rft_val_fmt=info:ofi/fmt:kev:mtx:journal&genre=article&sid=ProQ:ProQ%3Aabiglobal&atitle=The+Relationship+Between+Food+Banks+and+Food+Insecurity%3A+Insights+from+Canada&title=Voluntas&issn=09578765&date=2020-10-01&volume=31&issue=5&spage=841&au=Tarasuk+Valerie%3BFafard+St-Germain+Andr%C3%A9e-Anne%3BLoopstra+Rachel&isbn=&jtitle=Voluntas&btitle=&rft_id=info:eric/&rft_id=info:doi/10.1007%2Fs11266-019-00092-w
https://link.springer.com/content/pdf/10.1007/s11266-019-00092-w.pdf},
   year = {2020},
   type = {Journal Article}
}

@article{RN1885,
   author = {Winters, Matthew S. and Rundlett, Ashlea},
   title = {The Challenges of Untangling the Relationship Between Participation and Happiness},
   journal = {Voluntas},
   volume = {26},
   number = {1},
   pages = {5-23},
   ISSN = {09578765},
   DOI = {http://dx.doi.org/10.1007/s11266-014-9500-z},
   url = {https://login.proxy.library.emory.edu/login?url=https://www.proquest.com/scholarly-journals/challenges-untangling-relationship-between/docview/1645536653/se-2?accountid=10747
http://emory-primoprod.hosted.exlibrisgroup.com/openurl/01EMORY/01EMORY_services_page?url_ver=Z39.88-2004&rft_val_fmt=info:ofi/fmt:kev:mtx:journal&genre=article&sid=ProQ:ProQ%3Aabiglobal&atitle=The+Challenges+of+Untangling+the+Relationship+Between+Participation+and+Happiness&title=Voluntas&issn=09578765&date=2015-02-01&volume=26&issue=1&spage=5&au=Winters%2C+Matthew+S%3BRundlett%2C+Ashlea&isbn=&jtitle=Voluntas&btitle=&rft_id=info:eric/&rft_id=info:doi/10.1007%2Fs11266-014-9500-z
https://link.springer.com/content/pdf/10.1007/s11266-014-9500-z.pdf},
   year = {2015},
   type = {Journal Article}
}

