@article{RN1304,
   author = {Hazenberg, Richard and Seddon, Fred and Denny, Simon},
   title = {Intermediary Perceptions of Investment Readiness in the UK Social Investment Market},
   journal = {Voluntas},
   volume = {26},
   number = {3},
   pages = {846-871},
   ISSN = {09578765},
   DOI = {http://dx.doi.org/10.1007/s11266-014-9473-y},
   url = {https://login.proxy.library.emory.edu/login?url=https://www.proquest.com/scholarly-journals/intermediary-perceptions-investment-readiness-uk/docview/1681269133/se-2?accountid=10747
http://emory-primoprod.hosted.exlibrisgroup.com/openurl/01EMORY/01EMORY_services_page?url_ver=Z39.88-2004&rft_val_fmt=info:ofi/fmt:kev:mtx:journal&genre=article&sid=ProQ:ProQ%3Aabiglobal&atitle=Intermediary+Perceptions+of+Investment+Readiness+in+the+UK+Social+Investment+Market&title=Voluntas&issn=09578765&date=2015-06-01&volume=26&issue=3&spage=846&au=Hazenberg%2C+Richard%3BSeddon%2C+Fred%3BDenny%2C+Simon&isbn=&jtitle=Voluntas&btitle=&rft_id=info:eric/&rft_id=info:doi/10.1007%2Fs11266-014-9473-y
https://link.springer.com/content/pdf/10.1007/s11266-014-9473-y.pdf},
   year = {2015},
   type = {Journal Article}
}

@article{RN1251,
   author = {Horvath, Aaron and Brandtner, Christof and Powell, Walter W.},
   title = {Serve or Conserve: Mission, Strategy, and Multi-Level Nonprofit Change During the Great Recession},
   journal = {Voluntas},
   volume = {29},
   number = {5},
   pages = {976-993},
   ISSN = {09578765},
   DOI = {http://dx.doi.org/10.1007/s11266-017-9948-8},
   url = {https://login.proxy.library.emory.edu/login?url=https://www.proquest.com/scholarly-journals/serve-conserve-mission-strategy-multi-level/docview/1992983506/se-2?accountid=10747
http://emory-primoprod.hosted.exlibrisgroup.com/openurl/01EMORY/01EMORY_services_page?url_ver=Z39.88-2004&rft_val_fmt=info:ofi/fmt:kev:mtx:journal&genre=article&sid=ProQ:ProQ%3Aabiglobal&atitle=Serve+or+Conserve%3A+Mission%2C+Strategy%2C+and+Multi-Level+Nonprofit+Change+During+the+Great+Recession&title=Voluntas&issn=09578765&date=2018-10-01&volume=29&issue=5&spage=976&au=Horvath%2C+Aaron%3BBrandtner%2C+Christof%3BPowell%2C+Walter+W&isbn=&jtitle=Voluntas&btitle=&rft_id=info:eric/&rft_id=info:doi/10.1007%2Fs11266-017-9948-8
https://link.springer.com/content/pdf/10.1007/s11266-017-9948-8.pdf},
   year = {2018},
   type = {Journal Article}
}

@article{RN1232,
   author = {Hung, ChiaKo},
   title = {Decomposing the Effect of Commercialization on Nonprofit Donations},
   journal = {Voluntas},
   volume = {32},
   number = {2},
   pages = {448-459},
   ISSN = {09578765},
   DOI = {http://dx.doi.org/10.1007/s11266-020-00246-1},
   url = {https://login.proxy.library.emory.edu/login?url=https://www.proquest.com/scholarly-journals/decomposing-effect-commercialization-on-nonprofit/docview/2513420582/se-2?accountid=10747
http://emory-primoprod.hosted.exlibrisgroup.com/openurl/01EMORY/01EMORY_services_page?url_ver=Z39.88-2004&rft_val_fmt=info:ofi/fmt:kev:mtx:journal&genre=article&sid=ProQ:ProQ%3Aabiglobal&atitle=Decomposing+the+Effect+of+Commercialization+on+Nonprofit+Donations&title=Voluntas&issn=09578765&date=2021-04-01&volume=32&issue=2&spage=448&au=Hung+ChiaKo&isbn=&jtitle=Voluntas&btitle=&rft_id=info:eric/&rft_id=info:doi/10.1007%2Fs11266-020-00246-1
https://link.springer.com/content/pdf/10.1007/s11266-020-00246-1.pdf},
   year = {2021},
   type = {Journal Article}
}

@article{RN1236,
   author = {Hung, ChiaKo},
   title = {Restricted Revenues and Nonprofit Service Delivery: The Roles of Financial Discretion},
   journal = {Voluntas},
   volume = {32},
   number = {1},
   pages = {136-150},
   ISSN = {09578765},
   DOI = {http://dx.doi.org/10.1007/s11266-020-00286-7},
   url = {https://login.proxy.library.emory.edu/login?url=https://www.proquest.com/scholarly-journals/restricted-revenues-nonprofit-service-delivery/docview/2488775806/se-2?accountid=10747
http://emory-primoprod.hosted.exlibrisgroup.com/openurl/01EMORY/01EMORY_services_page?url_ver=Z39.88-2004&rft_val_fmt=info:ofi/fmt:kev:mtx:journal&genre=article&sid=ProQ:ProQ%3Aabiglobal&atitle=Restricted+Revenues+and+Nonprofit+Service+Delivery%3A+The+Roles+of+Financial+Discretion&title=Voluntas&issn=09578765&date=2021-02-01&volume=32&issue=1&spage=136&au=Hung+ChiaKo&isbn=&jtitle=Voluntas&btitle=&rft_id=info:eric/&rft_id=info:doi/10.1007%2Fs11266-020-00286-7
https://link.springer.com/content/pdf/10.1007/s11266-020-00286-7.pdf},
   year = {2021},
   type = {Journal Article}
}

@article{RN1329,
   author = {Ihm, J. and Lee, S. G.},
   title = {How Perceived Costs and Benefits of Initial Social Media Participation Affect Subsequent Community-Based Participation},
   journal = {VOLUNTAS},
   ISSN = {0957-8765
1573-7888},
   DOI = {10.1007/s11266-020-00200-1},
   url = {https://link.springer.com/content/pdf/10.1007/s11266-020-00200-1.pdf},
   type = {Journal Article}
}

@article{RN1242,
   author = {Jeong, Joowon and Cui, Tracy Shicun},
   title = {The Density of Nonprofit Organizations: Beyond Community Diversity and Resource Availability},
   journal = {Voluntas},
   volume = {31},
   number = {1},
   pages = {213-226},
   ISSN = {09578765},
   DOI = {http://dx.doi.org/10.1007/s11266-019-00175-8},
   url = {https://login.proxy.library.emory.edu/login?url=https://www.proquest.com/scholarly-journals/density-nonprofit-organizations-beyond-community/docview/2344371869/se-2?accountid=10747
http://emory-primoprod.hosted.exlibrisgroup.com/openurl/01EMORY/01EMORY_services_page?url_ver=Z39.88-2004&rft_val_fmt=info:ofi/fmt:kev:mtx:journal&genre=article&sid=ProQ:ProQ%3Aabiglobal&atitle=The+Density+of+Nonprofit+Organizations%3A+Beyond+Community+Diversity+and+Resource+Availability&title=Voluntas&issn=09578765&date=2020-02-01&volume=31&issue=1&spage=213&au=Jeong+Joowon%3BCui%2C+Tracy+Shicun&isbn=&jtitle=Voluntas&btitle=&rft_id=info:eric/&rft_id=info:doi/10.1007%2Fs11266-019-00175-8
https://link.springer.com/content/pdf/10.1007/s11266-019-00175-8.pdf},
   year = {2020},
   type = {Journal Article}
}

@article{RN1299,
   author = {Kallman, Meghan Elizabeth},
   title = {Allocative Failures: Networks and Institutions in International Grantmaking Relationships},
   journal = {Voluntas},
   volume = {28},
   number = {2},
   pages = {745-772},
   ISSN = {09578765},
   DOI = {http://dx.doi.org/10.1007/s11266-017-9827-3},
   url = {https://login.proxy.library.emory.edu/login?url=https://www.proquest.com/scholarly-journals/allocative-failures-networks-institutions/docview/1879369472/se-2?accountid=10747
http://emory-primoprod.hosted.exlibrisgroup.com/openurl/01EMORY/01EMORY_services_page?url_ver=Z39.88-2004&rft_val_fmt=info:ofi/fmt:kev:mtx:journal&genre=article&sid=ProQ:ProQ%3Aabiglobal&atitle=Allocative+Failures%3A+Networks+and+Institutions+in+International+Grantmaking+Relationships&title=Voluntas&issn=09578765&date=2017-04-01&volume=28&issue=2&spage=745&au=Kallman%2C+Meghan+Elizabeth&isbn=&jtitle=Voluntas&btitle=&rft_id=info:eric/&rft_id=info:doi/10.1007%2Fs11266-017-9827-3
https://link.springer.com/content/pdf/10.1007/s11266-017-9827-3.pdf},
   year = {2017},
   type = {Journal Article}
}

@article{RN1238,
   author = {Kim, Jungsook and Jung, Heon Joo},
   title = {An Empirical Analysis on Determinants of Aid Allocation by South Korean Civil Society Organizations},
   journal = {Voluntas},
   volume = {32},
   number = {1},
   pages = {151-164},
   ISSN = {09578765},
   DOI = {http://dx.doi.org/10.1007/s11266-020-00238-1},
   url = {https://login.proxy.library.emory.edu/login?url=https://www.proquest.com/scholarly-journals/empirical-analysis-on-determinants-aid-allocation/docview/2488775129/se-2?accountid=10747
http://emory-primoprod.hosted.exlibrisgroup.com/openurl/01EMORY/01EMORY_services_page?url_ver=Z39.88-2004&rft_val_fmt=info:ofi/fmt:kev:mtx:journal&genre=article&sid=ProQ:ProQ%3Aabiglobal&atitle=An+Empirical+Analysis+on+Determinants+of+Aid+Allocation+by+South+Korean+Civil+Society+Organizations&title=Voluntas&issn=09578765&date=2021-02-01&volume=32&issue=1&spage=151&au=Kim+Jungsook%3BJung%2C+Heon+Joo&isbn=&jtitle=Voluntas&btitle=&rft_id=info:eric/&rft_id=info:doi/10.1007%2Fs11266-020-00238-1
https://link.springer.com/content/pdf/10.1007/s11266-020-00238-1.pdf},
   year = {2021},
   type = {Journal Article}
}

@article{RN1267,
   author = {Kim, You Hyun and Kim, Seok Eun},
   title = {Testing an Economic Model of Nonprofit Growth: Analyzing the Behaviors and Decisions of Nonprofit Organizations, Private Donors, and Governments},
   journal = {Voluntas},
   volume = {27},
   number = {6},
   pages = {2937-2961},
   ISSN = {09578765},
   DOI = {http://dx.doi.org/10.1007/s11266-016-9709-0},
   url = {https://login.proxy.library.emory.edu/login?url=https://www.proquest.com/scholarly-journals/testing-economic-model-nonprofit-growth-analyzing/docview/1838206288/se-2?accountid=10747
http://emory-primoprod.hosted.exlibrisgroup.com/openurl/01EMORY/01EMORY_services_page?url_ver=Z39.88-2004&rft_val_fmt=info:ofi/fmt:kev:mtx:journal&genre=article&sid=ProQ:ProQ%3Aabiglobal&atitle=Testing+an+Economic+Model+of+Nonprofit+Growth%3A+Analyzing+the+Behaviors+and+Decisions+of+Nonprofit+Organizations%2C+Private+Donors%2C+and+Governments&title=Voluntas&issn=09578765&date=2016-12-01&volume=27&issue=6&spage=2937&au=Kim%2C+You+Hyun%3BKim%2C+Seok+Eun&isbn=&jtitle=Voluntas&btitle=&rft_id=info:eric/&rft_id=info:doi/10.1007%2Fs11266-016-9709-0
https://link.springer.com/content/pdf/10.1007/s11266-016-9709-0.pdf},
   year = {2016},
   type = {Journal Article}
}

@article{RN1253,
   author = {Kim, You Hyun and Kim, Seok Eun},
   title = {What Accounts for the Variations in Nonprofit Growth? A Cross-National Panel Study},
   journal = {Voluntas},
   volume = {29},
   number = {3},
   pages = {481-495},
   ISSN = {09578765},
   DOI = {http://dx.doi.org/10.1007/s11266-016-9752-x},
   url = {https://login.proxy.library.emory.edu/login?url=https://www.proquest.com/scholarly-journals/what-accounts-variations-nonprofit-growth-cross/docview/2073882857/se-2?accountid=10747
http://emory-primoprod.hosted.exlibrisgroup.com/openurl/01EMORY/01EMORY_services_page?url_ver=Z39.88-2004&rft_val_fmt=info:ofi/fmt:kev:mtx:journal&genre=article&sid=ProQ:ProQ%3Aabiglobal&atitle=What+Accounts+for+the+Variations+in+Nonprofit+Growth%3F+A+Cross-National+Panel+Study&title=Voluntas&issn=09578765&date=2018-06-01&volume=29&issue=3&spage=481&au=Kim%2C+You+Hyun%3BKim%2C+Seok+Eun&isbn=&jtitle=Voluntas&btitle=&rft_id=info:eric/&rft_id=info:doi/10.1007%2Fs11266-016-9752-x
https://link.springer.com/content/pdf/10.1007/s11266-016-9752-x.pdf},
   year = {2018},
   type = {Journal Article}
}

@article{RN1270,
   author = {Kulik, Liat and Arnon, Liora and Dolev, Aya},
   title = {Explaining Satisfaction with Volunteering in Emergencies: Comparison Between Organized and Spontaneous Volunteers in Operation Protective Edge},
   journal = {Voluntas},
   volume = {27},
   number = {3},
   pages = {1280-1303},
   ISSN = {09578765},
   DOI = {http://dx.doi.org/10.1007/s11266-015-9671-2},
   url = {https://login.proxy.library.emory.edu/login?url=https://www.proquest.com/scholarly-journals/explaining-satisfaction-with-volunteering/docview/1788181993/se-2?accountid=10747
http://emory-primoprod.hosted.exlibrisgroup.com/openurl/01EMORY/01EMORY_services_page?url_ver=Z39.88-2004&rft_val_fmt=info:ofi/fmt:kev:mtx:journal&genre=article&sid=ProQ:ProQ%3Aabiglobal&atitle=Explaining+Satisfaction+with+Volunteering+in+Emergencies%3A+Comparison+Between+Organized+and+Spontaneous+Volunteers+in+Operation+Protective+Edge&title=Voluntas&issn=09578765&date=2016-06-01&volume=27&issue=3&spage=1280&au=Kulik%2C+Liat%3BArnon%2C+Liora%3BDolev%2C+Aya&isbn=&jtitle=Voluntas&btitle=&rft_id=info:eric/&rft_id=info:doi/10.1007%2Fs11266-015-9671-2
https://link.springer.com/content/pdf/10.1007/s11266-015-9671-2.pdf},
   year = {2016},
   type = {Journal Article}
}

@article{RN1258,
   author = {Lærke, Bonnesen},
   title = {Social Inequalities in Youth Volunteerism: A Life-Track Perspective on Danish Youths},
   journal = {Voluntas},
   volume = {29},
   number = {1},
   pages = {160-173},
   ISSN = {09578765},
   DOI = {http://dx.doi.org/10.1007/s11266-017-9934-1},
   url = {https://login.proxy.library.emory.edu/login?url=https://www.proquest.com/scholarly-journals/social-inequalities-youth-volunteerism-life-track/docview/1978150460/se-2?accountid=10747
http://emory-primoprod.hosted.exlibrisgroup.com/openurl/01EMORY/01EMORY_services_page?url_ver=Z39.88-2004&rft_val_fmt=info:ofi/fmt:kev:mtx:journal&genre=article&sid=ProQ:ProQ%3Aabiglobal&atitle=Social+Inequalities+in+Youth+Volunteerism%3A+A+Life-Track+Perspective+on+Danish+Youths&title=Voluntas&issn=09578765&date=2018-02-01&volume=29&issue=1&spage=160&au=L%C3%A6rke+Bonnesen&isbn=&jtitle=Voluntas&btitle=&rft_id=info:eric/&rft_id=info:doi/10.1007%2Fs11266-017-9934-1
https://link.springer.com/content/pdf/10.1007/s11266-017-9934-1.pdf},
   year = {2018},
   type = {Journal Article}
}

@article{RN1261,
   author = {Lall, Saurabh},
   title = {Measuring to Improve Versus Measuring to Prove: Understanding the Adoption of Social Performance Measurement Practices in Nascent Social Enterprises},
   journal = {Voluntas},
   volume = {28},
   number = {6},
   pages = {2633-2657},
   ISSN = {09578765},
   DOI = {http://dx.doi.org/10.1007/s11266-017-9898-1},
   url = {https://login.proxy.library.emory.edu/login?url=https://www.proquest.com/scholarly-journals/measuring-improve-versus-prove-understanding/docview/1970914823/se-2?accountid=10747
http://emory-primoprod.hosted.exlibrisgroup.com/openurl/01EMORY/01EMORY_services_page?url_ver=Z39.88-2004&rft_val_fmt=info:ofi/fmt:kev:mtx:journal&genre=article&sid=ProQ:ProQ%3Aabiglobal&atitle=Measuring+to+Improve+Versus+Measuring+to+Prove%3A+Understanding+the+Adoption+of+Social+Performance+Measurement+Practices+in+Nascent+Social+Enterprises&title=Voluntas&issn=09578765&date=2017-12-01&volume=28&issue=6&spage=2633&au=Lall%2C+Saurabh&isbn=&jtitle=Voluntas&btitle=&rft_id=info:eric/&rft_id=info:doi/10.1007%2Fs11266-017-9898-1
https://link.springer.com/content/pdf/10.1007/s11266-017-9898-1.pdf},
   year = {2017},
   type = {Journal Article}
}

@article{RN1243,
   author = {Lam, Wai Fung and Nie, Lin},
   title = {Online or Offline? Nonprofits’ Choice and Use of Social Media in Hong Kong},
   journal = {Voluntas},
   volume = {31},
   number = {1},
   pages = {111-128},
   ISSN = {09578765},
   DOI = {http://dx.doi.org/10.1007/s11266-019-00128-1},
   url = {https://login.proxy.library.emory.edu/login?url=https://www.proquest.com/scholarly-journals/online-offline-nonprofits-choice-use-social-media/docview/2245978049/se-2?accountid=10747
http://emory-primoprod.hosted.exlibrisgroup.com/openurl/01EMORY/01EMORY_services_page?url_ver=Z39.88-2004&rft_val_fmt=info:ofi/fmt:kev:mtx:journal&genre=article&sid=ProQ:ProQ%3Aabiglobal&atitle=Online+or+Offline%3F+Nonprofits%26rsquo%3B+Choice+and+Use+of+Social+Media+in+Hong+Kong&title=Voluntas&issn=09578765&date=2020-02-01&volume=31&issue=1&spage=111&au=Lam%2C+Wai+Fung%3BNie%2C+Lin&isbn=&jtitle=Voluntas&btitle=&rft_id=info:eric/&rft_id=info:doi/10.1007%2Fs11266-019-00128-1
https://link.springer.com/content/pdf/10.1007/s11266-019-00128-1.pdf},
   year = {2020},
   type = {Journal Article}
}

@article{RN1290,
   author = {Liu, Zhiming and Jia, Haiwei},
   title = {What Influences Philanthropic Participation by Chinese Internal Immigrants: Research Based on the Perspective of Integration},
   journal = {Voluntas},
   volume = {31},
   number = {2},
   pages = {390-403},
   ISSN = {09578765},
   DOI = {http://dx.doi.org/10.1007/s11266-019-00166-9},
   url = {https://login.proxy.library.emory.edu/login?url=https://www.proquest.com/scholarly-journals/what-influences-philanthropic-participation/docview/2292434386/se-2?accountid=10747
http://emory-primoprod.hosted.exlibrisgroup.com/openurl/01EMORY/01EMORY_services_page?url_ver=Z39.88-2004&rft_val_fmt=info:ofi/fmt:kev:mtx:journal&genre=article&sid=ProQ:ProQ%3Aabiglobal&atitle=What+Influences+Philanthropic+Participation+by+Chinese+Internal+Immigrants%3A+Research+Based+on+the+Perspective+of+Integration&title=Voluntas&issn=09578765&date=2020-04-01&volume=31&issue=2&spage=390&au=Liu%2C+Zhiming%3BJia+Haiwei&isbn=&jtitle=Voluntas&btitle=&rft_id=info:eric/&rft_id=info:doi/10.1007%2Fs11266-019-00166-9
https://link.springer.com/content/pdf/10.1007/s11266-019-00166-9.pdf},
   year = {2020},
   type = {Journal Article}
}

@article{RN1239,
   author = {Lu, Jiahuan},
   title = {Does Population Heterogeneity Really Matter to Nonprofit Sector Size? Revisiting Weisbrod’s Demand Heterogeneity Hypothesis},
   journal = {Voluntas},
   volume = {31},
   number = {5},
   pages = {1077-1092},
   ISSN = {09578765},
   DOI = {http://dx.doi.org/10.1007/s11266-017-9915-4},
   url = {https://login.proxy.library.emory.edu/login?url=https://www.proquest.com/scholarly-journals/does-population-heterogeneity-really-matter/docview/2471635016/se-2?accountid=10747
http://emory-primoprod.hosted.exlibrisgroup.com/openurl/01EMORY/01EMORY_services_page?url_ver=Z39.88-2004&rft_val_fmt=info:ofi/fmt:kev:mtx:journal&genre=article&sid=ProQ:ProQ%3Aabiglobal&atitle=Does+Population+Heterogeneity+Really+Matter+to+Nonprofit+Sector+Size%3F+Revisiting+Weisbrod%26rsquo%3Bs+Demand+Heterogeneity+Hypothesis&title=Voluntas&issn=09578765&date=2020-10-01&volume=31&issue=5&spage=1077&au=Lu+Jiahuan&isbn=&jtitle=Voluntas&btitle=&rft_id=info:eric/&rft_id=info:doi/10.1007%2Fs11266-017-9915-4
https://link.springer.com/content/pdf/10.1007/s11266-017-9915-4.pdf},
   year = {2020},
   type = {Journal Article}
}

@article{RN1255,
   author = {Lu, Jiahuan and Xu, Chengxin},
   title = {Complementary or Supplementary? The Relationship Between Government Size and Nonprofit Sector Size},
   journal = {Voluntas},
   volume = {29},
   number = {3},
   pages = {454-469},
   ISSN = {09578765},
   DOI = {http://dx.doi.org/10.1007/s11266-018-9981-2},
   url = {https://login.proxy.library.emory.edu/login?url=https://www.proquest.com/scholarly-journals/complementary-supplementary-relationship-between/docview/2015473792/se-2?accountid=10747
http://emory-primoprod.hosted.exlibrisgroup.com/openurl/01EMORY/01EMORY_services_page?url_ver=Z39.88-2004&rft_val_fmt=info:ofi/fmt:kev:mtx:journal&genre=article&sid=ProQ:ProQ%3Aabiglobal&atitle=Complementary+or+Supplementary%3F+The+Relationship+Between+Government+Size+and+Nonprofit+Sector+Size&title=Voluntas&issn=09578765&date=2018-06-01&volume=29&issue=3&spage=454&au=Lu%2C+Jiahuan%3BXu%2C+Chengxin&isbn=&jtitle=Voluntas&btitle=&rft_id=info:eric/&rft_id=info:doi/10.1007%2Fs11266-018-9981-2
https://link.springer.com/content/pdf/10.1007/s11266-018-9981-2.pdf},
   year = {2018},
   type = {Journal Article}
}

@article{RN1296,
   author = {Lyakhov, Alex and Gliedt, Travis},
   title = {Understanding Collaborative Value Creation by Environmental Nonprofit and Renewable Energy Business Partnerships},
   journal = {Voluntas},
   volume = {28},
   number = {4},
   pages = {1448-1472},
   ISSN = {09578765},
   DOI = {http://dx.doi.org/10.1007/s11266-016-9691-6},
   url = {https://login.proxy.library.emory.edu/login?url=https://www.proquest.com/scholarly-journals/understanding-collaborative-value-creation/docview/1924201163/se-2?accountid=10747
http://emory-primoprod.hosted.exlibrisgroup.com/openurl/01EMORY/01EMORY_services_page?url_ver=Z39.88-2004&rft_val_fmt=info:ofi/fmt:kev:mtx:journal&genre=article&sid=ProQ:ProQ%3Aabiglobal&atitle=Understanding+Collaborative+Value+Creation+by+Environmental+Nonprofit+and+Renewable+Energy+Business+Partnerships&title=Voluntas&issn=09578765&date=2017-08-01&volume=28&issue=4&spage=1448&au=Lyakhov%2C+Alex%3BGliedt%2C+Travis&isbn=&jtitle=Voluntas&btitle=&rft_id=info:eric/&rft_id=info:doi/10.1007%2Fs11266-016-9691-6
https://link.springer.com/content/pdf/10.1007/s11266-016-9691-6.pdf},
   year = {2017},
   type = {Journal Article}
}

@article{RN1318,
   author = {Matsunaga, Y. and Yamauchi, N. and Okuyama, N.},
   title = {What Determines the Size of the Nonprofit Sector? A Cross-Country Analysis of the Government Failure Theory},
   journal = {VOLUNTAS},
   volume = {21},
   number = {2},
   pages = {180-201},
   ISSN = {0957-8765
1573-7888},
   DOI = {10.1007/s11266-010-9125-9},
   url = {https://link.springer.com/content/pdf/10.1007/s11266-010-9125-9.pdf},
   year = {2010},
   type = {Journal Article}
}

@article{RN1283,
   author = {May, Farid and Li, Hui},
   title = {Reciprocal Engagement and NGO Policy Influence on the Local State in China},
   journal = {Voluntas},
   volume = {32},
   number = {3},
   pages = {597-609},
   ISSN = {09578765},
   DOI = {http://dx.doi.org/10.1007/s11266-020-00288-5},
   url = {https://login.proxy.library.emory.edu/login?url=https://www.proquest.com/scholarly-journals/reciprocal-engagement-ngo-policy-influence-on/docview/2540003392/se-2?accountid=10747
http://emory-primoprod.hosted.exlibrisgroup.com/openurl/01EMORY/01EMORY_services_page?url_ver=Z39.88-2004&rft_val_fmt=info:ofi/fmt:kev:mtx:journal&genre=article&sid=ProQ:ProQ%3Aabiglobal&atitle=Reciprocal+Engagement+and+NGO+Policy+Influence+on+the+Local+State+in+China&title=Voluntas&issn=09578765&date=2021-06-01&volume=32&issue=3&spage=597&au=May%2C+Farid%3BLi%2C+Hui&isbn=&jtitle=Voluntas&btitle=&rft_id=info:eric/&rft_id=info:doi/10.1007%2Fs11266-020-00288-5
https://link.springer.com/content/pdf/10.1007/s11266-020-00288-5.pdf},
   year = {2021},
   type = {Journal Article}
}

@article{RN1276,
   author = {McKay, Stephen and Moro, Domenico and Teasdale, Simon and Clifford, David},
   title = {The Marketisation of Charities in England and Wales},
   journal = {Voluntas},
   volume = {26},
   number = {1},
   pages = {336-354},
   ISSN = {09578765},
   DOI = {http://dx.doi.org/10.1007/s11266-013-9417-y},
   url = {https://login.proxy.library.emory.edu/login?url=https://www.proquest.com/scholarly-journals/marketisation-charities-england-wales/docview/1645536676/se-2?accountid=10747
http://emory-primoprod.hosted.exlibrisgroup.com/openurl/01EMORY/01EMORY_services_page?url_ver=Z39.88-2004&rft_val_fmt=info:ofi/fmt:kev:mtx:journal&genre=article&sid=ProQ:ProQ%3Aabiglobal&atitle=The+Marketisation+of+Charities+in+England+and+Wales&title=Voluntas&issn=09578765&date=2015-02-01&volume=26&issue=1&spage=336&au=Mckay%2C+Stephen%3BMoro%2C+Domenico%3BTeasdale%2C+Simon%3BClifford%2C+David&isbn=&jtitle=Voluntas&btitle=&rft_id=info:eric/&rft_id=info:doi/10.1007%2Fs11266-013-9417-y
https://link.springer.com/content/pdf/10.1007/s11266-013-9417-y.pdf},
   year = {2015},
   type = {Journal Article}
}

@article{RN1313,
   author = {Meijer, Albert},
   title = {Co-production in an Information Age: Individual and Community Engagement Supported by New Media},
   journal = {Voluntas},
   volume = {23},
   number = {4},
   pages = {1156-1172},
   ISSN = {09578765},
   DOI = {http://dx.doi.org/10.1007/s11266-012-9311-z},
   url = {https://login.proxy.library.emory.edu/login?url=https://www.proquest.com/scholarly-journals/co-production-information-age-individual/docview/1095642603/se-2?accountid=10747
http://emory-primoprod.hosted.exlibrisgroup.com/openurl/01EMORY/01EMORY_services_page?url_ver=Z39.88-2004&rft_val_fmt=info:ofi/fmt:kev:mtx:journal&genre=article&sid=ProQ:ProQ%3Aabiglobal&atitle=Co-production+in+an+Information+Age%3A+Individual+and+Community+Engagement+Supported+by+New+Media&title=Voluntas&issn=09578765&date=2012-12-01&volume=23&issue=4&spage=1156&au=Meijer%2C+Albert&isbn=&jtitle=Voluntas&btitle=&rft_id=info:eric/&rft_id=info:doi/10.1007%2Fs11266-012-9311-z
https://link.springer.com/content/pdf/10.1007/s11266-012-9311-z.pdf},
   year = {2012},
   type = {Journal Article}
}

@article{RN1254,
   author = {Monroe-White, Thema and Zook, Sandy},
   title = {Social Enterprise Innovation: A Quantitative Analysis of Global Patterns},
   journal = {Voluntas},
   volume = {29},
   number = {3},
   pages = {496-510},
   ISSN = {09578765},
   DOI = {http://dx.doi.org/10.1007/s11266-018-9987-9},
   url = {https://login.proxy.library.emory.edu/login?url=https://www.proquest.com/scholarly-journals/social-enterprise-innovation-quantitative/docview/2024671139/se-2?accountid=10747
http://emory-primoprod.hosted.exlibrisgroup.com/openurl/01EMORY/01EMORY_services_page?url_ver=Z39.88-2004&rft_val_fmt=info:ofi/fmt:kev:mtx:journal&genre=article&sid=ProQ:ProQ%3Aabiglobal&atitle=Social+Enterprise+Innovation%3A+A+Quantitative+Analysis+of+Global+Patterns&title=Voluntas&issn=09578765&date=2018-06-01&volume=29&issue=3&spage=496&au=Monroe-White%2C+Thema%3BZook%2C+Sandy&isbn=&jtitle=Voluntas&btitle=&rft_id=info:eric/&rft_id=info:doi/10.1007%2Fs11266-018-9987-9
https://link.springer.com/content/pdf/10.1007/s11266-018-9987-9.pdf},
   year = {2018},
   type = {Journal Article}
}

@article{RN1279,
   author = {Nikolova, Milena},
   title = {Principals and Agents: An Investigation of Executive Compensation in Human Service Nonprofits},
   journal = {Voluntas},
   volume = {25},
   number = {3},
   pages = {679-706},
   ISSN = {09578765},
   DOI = {http://dx.doi.org/10.1007/s11266-013-9358-5},
   url = {https://login.proxy.library.emory.edu/login?url=https://www.proquest.com/scholarly-journals/principals-agents-investigation-executive/docview/1524812207/se-2?accountid=10747
http://emory-primoprod.hosted.exlibrisgroup.com/openurl/01EMORY/01EMORY_services_page?url_ver=Z39.88-2004&rft_val_fmt=info:ofi/fmt:kev:mtx:journal&genre=article&sid=ProQ:ProQ%3Aabiglobal&atitle=Principals+and+Agents%3A+An+Investigation+of+Executive+Compensation+in+Human+Service+Nonprofits&title=Voluntas&issn=09578765&date=2014-06-01&volume=25&issue=3&spage=679&au=Nikolova%2C+Milena&isbn=&jtitle=Voluntas&btitle=&rft_id=info:eric/&rft_id=info:doi/10.1007%2Fs11266-013-9358-5
https://link.springer.com/content/pdf/10.1007/s11266-013-9358-5.pdf},
   year = {2014},
   type = {Journal Article}
}

@article{RN1289,
   author = {Obaze, Yolanda},
   title = {Supply Chain Challenges and Shared Value Destruction in the Community-Based Supply Chain},
   journal = {Voluntas},
   volume = {31},
   number = {3},
   pages = {550-562},
   ISSN = {09578765},
   DOI = {http://dx.doi.org/10.1007/s11266-020-00202-z},
   url = {https://login.proxy.library.emory.edu/login?url=https://www.proquest.com/scholarly-journals/supply-chain-challenges-shared-value-destruction/docview/2407214229/se-2?accountid=10747
http://emory-primoprod.hosted.exlibrisgroup.com/openurl/01EMORY/01EMORY_services_page?url_ver=Z39.88-2004&rft_val_fmt=info:ofi/fmt:kev:mtx:journal&genre=article&sid=ProQ:ProQ%3Aabiglobal&atitle=Supply+Chain+Challenges+and+Shared+Value+Destruction+in+the+Community-Based+Supply+Chain&title=Voluntas&issn=09578765&date=2020-06-01&volume=31&issue=3&spage=550&au=Obaze+Yolanda&isbn=&jtitle=Voluntas&btitle=&rft_id=info:eric/&rft_id=info:doi/10.1007%2Fs11266-020-00202-z
https://link.springer.com/content/pdf/10.1007/s11266-020-00202-z.pdf},
   year = {2020},
   type = {Journal Article}
}

@article{RN1234,
   author = {Oelberger, Carrie R. and Shachter, Simon Y.},
   title = {National Sovereignty and Transnational Philanthropy: The Impact of Countries’ Foreign Aid Restrictions on US Foundation Funding},
   journal = {Voluntas},
   volume = {32},
   number = {2},
   pages = {204-219},
   ISSN = {09578765},
   DOI = {http://dx.doi.org/10.1007/s11266-020-00265-y},
   url = {https://login.proxy.library.emory.edu/login?url=https://www.proquest.com/scholarly-journals/national-sovereignty-transnational-philanthropy/docview/2513419154/se-2?accountid=10747
http://emory-primoprod.hosted.exlibrisgroup.com/openurl/01EMORY/01EMORY_services_page?url_ver=Z39.88-2004&rft_val_fmt=info:ofi/fmt:kev:mtx:journal&genre=article&sid=ProQ:ProQ%3Aabiglobal&atitle=National+Sovereignty+and+Transnational+Philanthropy%3A+The+Impact+of+Countries%26rsquo%3B+Foreign+Aid+Restrictions+on+US+Foundation+Funding&title=Voluntas&issn=09578765&date=2021-04-01&volume=32&issue=2&spage=204&au=Oelberger%2C+Carrie+R%3BShachter%2C+Simon+Y&isbn=&jtitle=Voluntas&btitle=&rft_id=info:eric/&rft_id=info:doi/10.1007%2Fs11266-020-00265-y
https://link.springer.com/content/pdf/10.1007/s11266-020-00265-y.pdf},
   year = {2021},
   type = {Journal Article}
}

@article{RN1247,
   author = {Peng, Shuyang and Kim, Mirae and Deat, Felix},
   title = {The Effects of Nonprofit Reputation on Charitable Giving: A Survey Experiment},
   journal = {Voluntas},
   volume = {30},
   number = {4},
   pages = {811-827},
   ISSN = {09578765},
   DOI = {http://dx.doi.org/10.1007/s11266-019-00130-7},
   url = {https://login.proxy.library.emory.edu/login?url=https://www.proquest.com/scholarly-journals/effects-nonprofit-reputation-on-charitable-giving/docview/2239448079/se-2?accountid=10747
http://emory-primoprod.hosted.exlibrisgroup.com/openurl/01EMORY/01EMORY_services_page?url_ver=Z39.88-2004&rft_val_fmt=info:ofi/fmt:kev:mtx:journal&genre=article&sid=ProQ:ProQ%3Aabiglobal&atitle=The+Effects+of+Nonprofit+Reputation+on+Charitable+Giving%3A+A+Survey+Experiment&title=Voluntas&issn=09578765&date=2019-08-01&volume=30&issue=4&spage=811&au=Peng%2C+Shuyang%3BKim%2C+Mirae%3BDeat%2C+Felix&isbn=&jtitle=Voluntas&btitle=&rft_id=info:eric/&rft_id=info:doi/10.1007%2Fs11266-019-00130-7
https://link.springer.com/content/pdf/10.1007/s11266-019-00130-7.pdf},
   year = {2019},
   type = {Journal Article}
}

@article{RN1240,
   author = {Qian, Wei},
   title = {From Direct Involvement to Indirect Control? A Multilevel Analysis of Factors Influencing Chinese Foundations’ Capacity for Resource Mobilization},
   journal = {Voluntas},
   volume = {31},
   number = {4},
   pages = {762-778},
   ISSN = {09578765},
   DOI = {http://dx.doi.org/10.1007/s11266-017-9924-3},
   url = {https://login.proxy.library.emory.edu/login?url=https://www.proquest.com/scholarly-journals/direct-involvement-indirect-control-multilevel/docview/2435332085/se-2?accountid=10747
http://emory-primoprod.hosted.exlibrisgroup.com/openurl/01EMORY/01EMORY_services_page?url_ver=Z39.88-2004&rft_val_fmt=info:ofi/fmt:kev:mtx:journal&genre=article&sid=ProQ:ProQ%3Aabiglobal&atitle=From+Direct+Involvement+to+Indirect+Control%3F+A+Multilevel+Analysis+of+Factors+Influencing+Chinese+Foundations%26rsquo%3B+Capacity+for+Resource+Mobilization&title=Voluntas&issn=09578765&date=2020-08-01&volume=31&issue=4&spage=762&au=Qian%2C+Wei&isbn=&jtitle=Voluntas&btitle=&rft_id=info:eric/&rft_id=info:doi/10.1007%2Fs11266-017-9924-3
https://link.springer.com/content/pdf/10.1007/s11266-017-9924-3.pdf},
   year = {2020},
   type = {Journal Article}
}

@article{RN1265,
   author = {Rantamäki, Niina Johanna},
   title = {Co-Production in the Context of Finnish Social Services and Health Care: A Challenge and a Possibility for a New Kind of Democracy},
   journal = {Voluntas},
   volume = {28},
   number = {1},
   pages = {248-264},
   ISSN = {09578765},
   DOI = {http://dx.doi.org/10.1007/s11266-016-9785-1},
   url = {https://login.proxy.library.emory.edu/login?url=https://www.proquest.com/scholarly-journals/co-production-context-finnish-social-services/docview/1861339406/se-2?accountid=10747
http://emory-primoprod.hosted.exlibrisgroup.com/openurl/01EMORY/01EMORY_services_page?url_ver=Z39.88-2004&rft_val_fmt=info:ofi/fmt:kev:mtx:journal&genre=article&sid=ProQ:ProQ%3Aabiglobal&atitle=Co-Production+in+the+Context+of+Finnish+Social+Services+and+Health+Care%3A+A+Challenge+and+a+Possibility+for+a+New+Kind+of+Democracy&title=Voluntas&issn=09578765&date=2017-02-01&volume=28&issue=1&spage=248&au=Rantam%C3%A4ki%2C+Niina+Johanna&isbn=&jtitle=Voluntas&btitle=&rft_id=info:eric/&rft_id=info:doi/10.1007%2Fs11266-016-9785-1
https://link.springer.com/content/pdf/10.1007/s11266-016-9785-1.pdf},
   year = {2017},
   type = {Journal Article}
}

@article{RN1248,
   author = {Russell, Allison R. and Nyame-Mensah, Ama and de Wit, Arjen and Handy, Femida},
   title = {Volunteering and Wellbeing Among Ageing Adults: A Longitudinal Analysis},
   journal = {Voluntas},
   volume = {30},
   number = {1},
   pages = {115-128},
   ISSN = {09578765},
   DOI = {http://dx.doi.org/10.1007/s11266-018-0041-8},
   url = {https://login.proxy.library.emory.edu/login?url=https://www.proquest.com/scholarly-journals/volunteering-wellbeing-among-ageing-adults/docview/2112953062/se-2?accountid=10747
http://emory-primoprod.hosted.exlibrisgroup.com/openurl/01EMORY/01EMORY_services_page?url_ver=Z39.88-2004&rft_val_fmt=info:ofi/fmt:kev:mtx:journal&genre=article&sid=ProQ:ProQ%3Aabiglobal&atitle=Volunteering+and+Wellbeing+Among+Ageing+Adults%3A+A+Longitudinal+Analysis&title=Voluntas&issn=09578765&date=2019-02-01&volume=30&issue=1&spage=115&au=Russell%2C+Allison+R%3BNyame-Mensah%2C+Ama%3Bde+Wit%2C+Arjen%3BHandy%2C+Femida&isbn=&jtitle=Voluntas&btitle=&rft_id=info:eric/&rft_id=info:doi/10.1007%2Fs11266-018-0041-8
https://link.springer.com/content/pdf/10.1007/s11266-018-0041-8.pdf},
   year = {2019},
   type = {Journal Article}
}

@article{RN1246,
   author = {Samuelson, Appau and Churchill, Sefa Awaworyi},
   title = {Charity, Volunteering Type and Subjective Wellbeing},
   journal = {Voluntas},
   volume = {30},
   number = {5},
   pages = {1118-1132},
   ISSN = {09578765},
   DOI = {http://dx.doi.org/10.1007/s11266-018-0009-8},
   url = {https://login.proxy.library.emory.edu/login?url=https://www.proquest.com/scholarly-journals/charity-volunteering-type-subjective-wellbeing/docview/2055364860/se-2?accountid=10747
http://emory-primoprod.hosted.exlibrisgroup.com/openurl/01EMORY/01EMORY_services_page?url_ver=Z39.88-2004&rft_val_fmt=info:ofi/fmt:kev:mtx:journal&genre=article&sid=ProQ:ProQ%3Aabiglobal&atitle=Charity%2C+Volunteering+Type+and+Subjective+Wellbeing&title=Voluntas&issn=09578765&date=2019-10-01&volume=30&issue=5&spage=1118&au=Samuelson+Appau%3BChurchill%2C+Sefa+Awaworyi&isbn=&jtitle=Voluntas&btitle=&rft_id=info:eric/&rft_id=info:doi/10.1007%2Fs11266-018-0009-8
https://link.springer.com/content/pdf/10.1007/s11266-018-0009-8.pdf},
   year = {2019},
   type = {Journal Article}
}

@article{RN1303,
   author = {Sancino, Alessandro},
   title = {The Meta Co-production of Community Outcomes: Towards a Citizens' Capabilities Approach},
   journal = {Voluntas},
   volume = {27},
   number = {1},
   pages = {409-424},
   ISSN = {09578765},
   DOI = {http://dx.doi.org/10.1007/s11266-015-9596-9},
   url = {https://login.proxy.library.emory.edu/login?url=https://www.proquest.com/scholarly-journals/meta-co-production-community-outcomes-towards/docview/1759911248/se-2?accountid=10747
http://emory-primoprod.hosted.exlibrisgroup.com/openurl/01EMORY/01EMORY_services_page?url_ver=Z39.88-2004&rft_val_fmt=info:ofi/fmt:kev:mtx:journal&genre=article&sid=ProQ:ProQ%3Aabiglobal&atitle=The+Meta+Co-production+of+Community+Outcomes%3A+Towards+a+Citizens%27+Capabilities+Approach&title=Voluntas&issn=09578765&date=2016-02-01&volume=27&issue=1&spage=409&au=Sancino%2C+Alessandro&isbn=&jtitle=Voluntas&btitle=&rft_id=info:eric/&rft_id=info:doi/10.1007%2Fs11266-015-9596-9
https://link.springer.com/content/pdf/10.1007/s11266-015-9596-9.pdf},
   year = {2016},
   type = {Journal Article}
}

@article{RN1302,
   author = {Sheptak, R. Dale, Jr. and Menaker, Brian E.},
   title = {The Frustration Factor: Volunteer Perspectives of Frustration in a Sport Setting},
   journal = {Voluntas},
   volume = {27},
   number = {2},
   pages = {831-852},
   ISSN = {09578765},
   DOI = {http://dx.doi.org/10.1007/s11266-015-9635-6},
   url = {https://login.proxy.library.emory.edu/login?url=https://www.proquest.com/scholarly-journals/frustration-factor-volunteer-perspectives-sport/docview/1771783825/se-2?accountid=10747
http://emory-primoprod.hosted.exlibrisgroup.com/openurl/01EMORY/01EMORY_services_page?url_ver=Z39.88-2004&rft_val_fmt=info:ofi/fmt:kev:mtx:journal&genre=article&sid=ProQ:ProQ%3Aabiglobal&atitle=The+Frustration+Factor%3A+Volunteer+Perspectives+of+Frustration+in+a+Sport+Setting&title=Voluntas&issn=09578765&date=2016-04-01&volume=27&issue=2&spage=831&au=Sheptak%2C+R+Dale%2C+Jr%3BMenaker%2C+Brian+E&isbn=&jtitle=Voluntas&btitle=&rft_id=info:eric/&rft_id=info:doi/10.1007%2Fs11266-015-9635-6
https://link.springer.com/content/pdf/10.1007/s11266-015-9635-6.pdf},
   year = {2016},
   type = {Journal Article}
}

@article{RN1237,
   author = {Shi, Yu and Cheng, Yuan},
   title = {Nonprofit-as-supplement: Examining the Link Between Nonprofit Financial Support and Public Service Quality},
   journal = {Voluntas},
   volume = {32},
   number = {1},
   pages = {28-44},
   ISSN = {09578765},
   DOI = {http://dx.doi.org/10.1007/s11266-020-00302-w},
   url = {https://login.proxy.library.emory.edu/login?url=https://www.proquest.com/scholarly-journals/nonprofit-as-supplement-examining-link-between/docview/2488775238/se-2?accountid=10747
http://emory-primoprod.hosted.exlibrisgroup.com/openurl/01EMORY/01EMORY_services_page?url_ver=Z39.88-2004&rft_val_fmt=info:ofi/fmt:kev:mtx:journal&genre=article&sid=ProQ:ProQ%3Aabiglobal&atitle=Nonprofit-as-supplement%3A+Examining+the+Link+Between+Nonprofit+Financial+Support+and+Public+Service+Quality&title=Voluntas&issn=09578765&date=2021-02-01&volume=32&issue=1&spage=28&au=Shi%2C+Yu%3BCheng%2C+Yuan&isbn=&jtitle=Voluntas&btitle=&rft_id=info:eric/&rft_id=info:doi/10.1007%2Fs11266-020-00302-w
https://link.springer.com/content/pdf/10.1007/s11266-020-00302-w.pdf},
   year = {2021},
   type = {Journal Article}
}

@article{RN1266,
   author = {Souder, Lawrence},
   title = {A Review of Research on Nonprofit Communications from Mission Statements to Annual Reports},
   journal = {Voluntas},
   volume = {27},
   number = {6},
   pages = {2709-2733},
   ISSN = {09578765},
   DOI = {http://dx.doi.org/10.1007/s11266-016-9699-y},
   url = {https://login.proxy.library.emory.edu/login?url=https://www.proquest.com/scholarly-journals/review-research-on-nonprofit-communications/docview/1838206529/se-2?accountid=10747
http://emory-primoprod.hosted.exlibrisgroup.com/openurl/01EMORY/01EMORY_services_page?url_ver=Z39.88-2004&rft_val_fmt=info:ofi/fmt:kev:mtx:journal&genre=article&sid=ProQ:ProQ%3Aabiglobal&atitle=A+Review+of+Research+on+Nonprofit+Communications+from+Mission+Statements+to+Annual+Reports&title=Voluntas&issn=09578765&date=2016-12-01&volume=27&issue=6&spage=2709&au=Souder%2C+Lawrence&isbn=&jtitle=Voluntas&btitle=&rft_id=info:eric/&rft_id=info:doi/10.1007%2Fs11266-016-9699-y
https://link.springer.com/content/pdf/10.1007/s11266-016-9699-y.pdf},
   year = {2016},
   type = {Journal Article}
}

@article{RN1314,
   author = {Steen-johnsen, Kari and Eynaud, Philippe and Wijkström, Filip},
   title = {On Civil Society Governance: An Emergent Research Field},
   journal = {Voluntas},
   volume = {22},
   number = {4},
   pages = {555-565},
   ISSN = {09578765},
   DOI = {http://dx.doi.org/10.1007/s11266-011-9211-7},
   url = {https://login.proxy.library.emory.edu/login?url=https://www.proquest.com/scholarly-journals/on-civil-society-governance-emergent-research/docview/901313319/se-2?accountid=10747
http://emory-primoprod.hosted.exlibrisgroup.com/openurl/01EMORY/01EMORY_services_page?url_ver=Z39.88-2004&rft_val_fmt=info:ofi/fmt:kev:mtx:journal&genre=article&sid=ProQ:ProQ%3Aabiglobal&atitle=On+Civil+Society+Governance%3A+An+Emergent+Research+Field&title=Voluntas&issn=09578765&date=2011-12-01&volume=22&issue=4&spage=555&au=Steen-johnsen%2C+Kari%3BEynaud%2C+Philippe%3BWijkstr%C3%B6m%2C+Filip&isbn=&jtitle=Voluntas&btitle=&rft_id=info:eric/&rft_id=info:doi/10.1007%2Fs11266-011-9211-7
https://link.springer.com/content/pdf/10.1007/s11266-011-9211-7.pdf},
   year = {2011},
   type = {Journal Article}
}

@article{RN1300,
   author = {Sung, Chiu-i},
   title = {Investigating Philanthropy Initiatives in Chinese Higher Education},
   journal = {Voluntas},
   volume = {27},
   number = {5},
   pages = {2514-2535},
   ISSN = {09578765},
   DOI = {http://dx.doi.org/10.1007/s11266-014-9509-3},
   url = {https://login.proxy.library.emory.edu/login?url=https://www.proquest.com/scholarly-journals/investigating-philanthropy-initiatives-chinese/docview/1820274132/se-2?accountid=10747
http://emory-primoprod.hosted.exlibrisgroup.com/openurl/01EMORY/01EMORY_services_page?url_ver=Z39.88-2004&rft_val_fmt=info:ofi/fmt:kev:mtx:journal&genre=article&sid=ProQ:ProQ%3Aabiglobal&atitle=Investigating+Philanthropy+Initiatives+in+Chinese+Higher+Education&title=Voluntas&issn=09578765&date=2016-10-01&volume=27&issue=5&spage=2514&au=Sung%2C+Chiu-i&isbn=&jtitle=Voluntas&btitle=&rft_id=info:eric/&rft_id=info:doi/10.1007%2Fs11266-014-9509-3
https://link.springer.com/content/pdf/10.1007/s11266-014-9509-3.pdf},
   year = {2016},
   type = {Journal Article}
}

@article{RN1252,
   author = {Suter, Peter and Gmür, Markus},
   title = {Volunteer Engagement in Housing Co-operatives: Civil Society “en miniature”},
   journal = {Voluntas},
   volume = {29},
   number = {4},
   pages = {770-789},
   ISSN = {09578765},
   DOI = {http://dx.doi.org/10.1007/s11266-018-9959-0},
   url = {https://login.proxy.library.emory.edu/login?url=https://www.proquest.com/scholarly-journals/volunteer-engagement-housing-co-operatives-civil/docview/1993458646/se-2?accountid=10747
http://emory-primoprod.hosted.exlibrisgroup.com/openurl/01EMORY/01EMORY_services_page?url_ver=Z39.88-2004&rft_val_fmt=info:ofi/fmt:kev:mtx:journal&genre=article&sid=ProQ:ProQ%3Aabiglobal&atitle=Volunteer+Engagement+in+Housing+Co-operatives%3A+Civil+Society+%26ldquo%3Ben+miniature%26rdquo%3B&title=Voluntas&issn=09578765&date=2018-08-01&volume=29&issue=4&spage=770&au=Suter%2C+Peter%3BGm%C3%BCr%2C+Markus&isbn=&jtitle=Voluntas&btitle=&rft_id=info:eric/&rft_id=info:doi/10.1007%2Fs11266-018-9959-0
https://link.springer.com/content/pdf/10.1007/s11266-018-9959-0.pdf},
   year = {2018},
   type = {Journal Article}
}

@article{RN1282,
   author = {Syal, Reetika and van Wessel, Margit and Sahoo, Sarbeswar},
   title = {Collaboration, Co-Optation or Navigation? The Role of Civil Society in Disaster Governance in India},
   journal = {Voluntas},
   volume = {32},
   number = {4},
   pages = {795-808},
   ISSN = {09578765},
   DOI = {http://dx.doi.org/10.1007/s11266-021-00344-8},
   url = {https://login.proxy.library.emory.edu/login?url=https://www.proquest.com/scholarly-journals/collaboration-co-optation-navigation-role-civil/docview/2559540141/se-2?accountid=10747
http://emory-primoprod.hosted.exlibrisgroup.com/openurl/01EMORY/01EMORY_services_page?url_ver=Z39.88-2004&rft_val_fmt=info:ofi/fmt:kev:mtx:journal&genre=article&sid=ProQ:ProQ%3Aabiglobal&atitle=Collaboration%2C+Co-Optation+or+Navigation%3F+The+Role+of+Civil+Society+in+Disaster+Governance+in+India&title=Voluntas&issn=09578765&date=2021-08-01&volume=32&issue=4&spage=795&au=Syal+Reetika%3Bvan+Wessel+Margit%3BSahoo+Sarbeswar&isbn=&jtitle=Voluntas&btitle=&rft_id=info:eric/&rft_id=info:doi/10.1007%2Fs11266-021-00344-8
https://link.springer.com/content/pdf/10.1007/s11266-021-00344-8.pdf},
   year = {2021},
   type = {Journal Article}
}

@article{RN1244,
   author = {Taghian, Mehdi and Polonsky, Michael Jay and Clare, D’Souza},
   title = {Volunteering in Retirement and Its Impact on Seniors Subjective Quality of Life Through Personal Outlook: A Study of Older Australians},
   journal = {Voluntas},
   volume = {30},
   number = {5},
   pages = {1133-1147},
   ISSN = {09578765},
   DOI = {http://dx.doi.org/10.1007/s11266-019-00167-8},
   url = {https://login.proxy.library.emory.edu/login?url=https://www.proquest.com/scholarly-journals/volunteering-retirement-impact-on-seniors/docview/2295834643/se-2?accountid=10747
http://emory-primoprod.hosted.exlibrisgroup.com/openurl/01EMORY/01EMORY_services_page?url_ver=Z39.88-2004&rft_val_fmt=info:ofi/fmt:kev:mtx:journal&genre=article&sid=ProQ:ProQ%3Aabiglobal&atitle=Volunteering+in+Retirement+and+Its+Impact+on+Seniors+Subjective+Quality+of+Life+Through+Personal+Outlook%3A+A+Study+of+Older+Australians&title=Voluntas&issn=09578765&date=2019-10-01&volume=30&issue=5&spage=1133&au=Taghian%2C+Mehdi%3BPolonsky%2C+Michael+Jay%3BClare+D%E2%80%99Souza&isbn=&jtitle=Voluntas&btitle=&rft_id=info:eric/&rft_id=info:doi/10.1007%2Fs11266-019-00167-8
https://link.springer.com/content/pdf/10.1007/s11266-019-00167-8.pdf},
   year = {2019},
   type = {Journal Article}
}

@article{RN1316,
   author = {Thomson, Ann Marie and Smith-tolken, Antoinette R. and Naidoo, Anthony V. and Bringle, Robert G.},
   title = {Service Learning and Community Engagement: A Comparison of Three National Contexts},
   journal = {Voluntas},
   volume = {22},
   number = {2},
   pages = {214-237},
   ISSN = {09578765},
   DOI = {http://dx.doi.org/10.1007/s11266-010-9133-9},
   url = {https://login.proxy.library.emory.edu/login?url=https://www.proquest.com/scholarly-journals/service-learning-community-engagement-comparison/docview/856652583/se-2?accountid=10747
http://emory-primoprod.hosted.exlibrisgroup.com/openurl/01EMORY/01EMORY_services_page?url_ver=Z39.88-2004&rft_val_fmt=info:ofi/fmt:kev:mtx:journal&genre=article&sid=ProQ:ProQ%3Aabiglobal&atitle=Service+Learning+and+Community+Engagement%3A+A+Comparison+of+Three+National+Contexts&title=Voluntas&issn=09578765&date=2011-06-01&volume=22&issue=2&spage=214&au=Thomson%2C+Ann+Marie%3BSmith-tolken%2C+Antoinette+R%3BNaidoo%2C+Anthony+V%3BBringle%2C+Robert+G&isbn=&jtitle=Voluntas&btitle=&rft_id=info:eric/&rft_id=info:doi/10.1007%2Fs11266-010-9133-9
https://link.springer.com/content/pdf/10.1007/s11266-010-9133-9.pdf},
   year = {2011},
   type = {Journal Article}
}

@article{RN1292,
   author = {Tian, Fang and Labban, Alice and Shearer, Robert and Gai, Qianmian},
   title = {The Impact of Social Media Activity on Nonprofit Donations in China},
   journal = {Voluntas},
   pages = {1-10},
   ISSN = {09578765},
   DOI = {http://dx.doi.org/10.1007/s11266-019-00168-7},
   url = {https://login.proxy.library.emory.edu/login?url=https://www.proquest.com/scholarly-journals/impact-social-media-activity-on-nonprofit/docview/2299623643/se-2?accountid=10747
http://emory-primoprod.hosted.exlibrisgroup.com/openurl/01EMORY/01EMORY_services_page?url_ver=Z39.88-2004&rft_val_fmt=info:ofi/fmt:kev:mtx:journal&genre=article&sid=ProQ:ProQ%3Aabiglobal&atitle=The+Impact+of+Social+Media+Activity+on+Nonprofit+Donations+in+China&title=Voluntas&issn=09578765&date=2019-10-01&volume=&issue=&spage=1&au=Tian%2C+Fang%3BLabban%2C+Alice%3BShearer%2C+Robert%3BGai%2C+Qianmian&isbn=&jtitle=Voluntas&btitle=&rft_id=info:eric/&rft_id=info:doi/10.1007%2Fs11266-019-00168-7
https://link.springer.com/content/pdf/10.1007/s11266-019-00168-7.pdf},
   year = {2019},
   type = {Journal Article}
}

@article{RN1280,
   author = {Townsend, Mardie and Gibbs, Lisa and Macfarlane, Susie and Block, Karen and Staiger, Petra and Gold, Lisa and Johnson, Britt and Long, Caroline},
   title = {Volunteering in a School Kitchen Garden Program: Cooking Up Confidence, Capabilities, and Connections!},
   journal = {Voluntas},
   volume = {25},
   number = {1},
   pages = {225-247},
   ISSN = {09578765},
   DOI = {http://dx.doi.org/10.1007/s11266-012-9334-5},
   url = {https://login.proxy.library.emory.edu/login?url=https://www.proquest.com/scholarly-journals/volunteering-school-kitchen-garden-program/docview/1491925539/se-2?accountid=10747
http://emory-primoprod.hosted.exlibrisgroup.com/openurl/01EMORY/01EMORY_services_page?url_ver=Z39.88-2004&rft_val_fmt=info:ofi/fmt:kev:mtx:journal&genre=article&sid=ProQ:ProQ%3Aabiglobal&atitle=Volunteering+in+a+School+Kitchen+Garden+Program%3A+Cooking+Up+Confidence%2C+Capabilities%2C+and+Connections%21&title=Voluntas&issn=09578765&date=2014-02-01&volume=25&issue=1&spage=225&au=Townsend%2C+Mardie%3BGibbs%2C+Lisa%3BMacfarlane%2C+Susie%3BBlock%2C+Karen%3BStaiger%2C+Petra%3BGold%2C+Lisa%3BJohnson%2C+Britt%3BLong%2C+Caroline&isbn=&jtitle=Voluntas&btitle=&rft_id=info:eric/&rft_id=info:doi/10.1007%2Fs11266-012-9334-5
https://link.springer.com/content/pdf/10.1007/s11266-012-9334-5.pdf},
   year = {2014},
   type = {Journal Article}
}

@article{RN1305,
   author = {Tremblay-boire, Joannie and Prakash, Aseem},
   title = {Accountability.org: Online Disclosures by U.S. Nonprofits},
   journal = {Voluntas},
   volume = {26},
   number = {2},
   pages = {693-719},
   ISSN = {09578765},
   DOI = {http://dx.doi.org/10.1007/s11266-014-9452-3},
   url = {https://login.proxy.library.emory.edu/login?url=https://www.proquest.com/scholarly-journals/accountability-org-online-disclosures-u-s/docview/1655083047/se-2?accountid=10747
http://emory-primoprod.hosted.exlibrisgroup.com/openurl/01EMORY/01EMORY_services_page?url_ver=Z39.88-2004&rft_val_fmt=info:ofi/fmt:kev:mtx:journal&genre=article&sid=ProQ:ProQ%3Aabiglobal&atitle=Accountability.org%3A+Online+Disclosures+by+U.S.+Nonprofits&title=Voluntas&issn=09578765&date=2015-04-01&volume=26&issue=2&spage=693&au=Tremblay-boire%2C+Joannie%3BPrakash%2C+Aseem&isbn=&jtitle=Voluntas&btitle=&rft_id=info:eric/&rft_id=info:doi/10.1007%2Fs11266-014-9452-3
https://link.springer.com/content/pdf/10.1007/s11266-014-9452-3.pdf},
   year = {2015},
   type = {Journal Article}
}

@article{RN1312,
   author = {Vamstad, Johan},
   title = {Co-production and Service Quality: The Case of Cooperative Childcare in Sweden},
   journal = {Voluntas},
   volume = {23},
   number = {4},
   pages = {1173-1188},
   ISSN = {09578765},
   DOI = {http://dx.doi.org/10.1007/s11266-012-9312-y},
   url = {https://login.proxy.library.emory.edu/login?url=https://www.proquest.com/scholarly-journals/co-production-service-quality-case-cooperative/docview/1095642609/se-2?accountid=10747
http://emory-primoprod.hosted.exlibrisgroup.com/openurl/01EMORY/01EMORY_services_page?url_ver=Z39.88-2004&rft_val_fmt=info:ofi/fmt:kev:mtx:journal&genre=article&sid=ProQ:ProQ%3Aabiglobal&atitle=Co-production+and+Service+Quality%3A+The+Case+of+Cooperative+Childcare+in+Sweden&title=Voluntas&issn=09578765&date=2012-12-01&volume=23&issue=4&spage=1173&au=Vamstad%2C+Johan&isbn=&jtitle=Voluntas&btitle=&rft_id=info:eric/&rft_id=info:doi/10.1007%2Fs11266-012-9312-y
https://link.springer.com/content/pdf/10.1007/s11266-012-9312-y.pdf},
   year = {2012},
   type = {Journal Article}
}

@article{RN1281,
   author = {Vantilborgh, T. and Bidee, J. and Pepermans, R. and Willems, J. and Huybrechts, G. and Jegers, M.},
   title = {A New Deal for NPO Governance and Management: Implications for Volunteers Using Psychological Contract Theory},
   journal = {Voluntas},
   volume = {22},
   number = {4},
   pages = {639-657},
   ISSN = {09578765},
   DOI = {http://dx.doi.org/10.1007/s11266-011-9200-x},
   url = {https://login.proxy.library.emory.edu/login?url=https://www.proquest.com/scholarly-journals/new-deal-npo-governance-management-implications/docview/901312658/se-2?accountid=10747
http://emory-primoprod.hosted.exlibrisgroup.com/openurl/01EMORY/01EMORY_services_page?url_ver=Z39.88-2004&rft_val_fmt=info:ofi/fmt:kev:mtx:journal&genre=article&sid=ProQ:ProQ%3Aabiglobal&atitle=A+New+Deal+for+NPO+Governance+and+Management%3A+Implications+for+Volunteers+Using+Psychological+Contract+Theory&title=Voluntas&issn=09578765&date=2011-12-01&volume=22&issue=4&spage=639&au=Vantilborgh%2C+T%3BBidee%2C+J%3BPepermans%2C+R%3BWillems%2C+J%3BHuybrechts%2C+G%3BJegers%2C+M&isbn=&jtitle=Voluntas&btitle=&rft_id=info:eric/&rft_id=info:doi/10.1007%2Fs11266-011-9200-x
https://link.springer.com/content/pdf/10.1007/s11266-011-9200-x.pdf},
   year = {2011},
   type = {Journal Article}
}

@article{RN1330,
   author = {Vega-Tinoco, A. and Gil-Lacruz, A. I. and Gil-Lacruz, M.},
   title = {Does Civic Participation Promote Active Aging in Europe?},
   journal = {VOLUNTAS},
   ISSN = {0957-8765
1573-7888},
   DOI = {10.1007/s11266-021-00340-y},
   url = {https://link.springer.com/content/pdf/10.1007/s11266-021-00340-y.pdf},
   type = {Journal Article}
}

@article{RN1306,
   author = {Verschuere, Bram and De Corte, Joris},
   title = {Nonprofit Advocacy Under a Third-Party Government Regime: Cooperation or Conflict?},
   journal = {Voluntas},
   volume = {26},
   number = {1},
   pages = {222-241},
   ISSN = {09578765},
   DOI = {http://dx.doi.org/10.1007/s11266-013-9427-9},
   url = {https://login.proxy.library.emory.edu/login?url=https://www.proquest.com/scholarly-journals/nonprofit-advocacy-under-third-party-government/docview/1645536874/se-2?accountid=10747
http://emory-primoprod.hosted.exlibrisgroup.com/openurl/01EMORY/01EMORY_services_page?url_ver=Z39.88-2004&rft_val_fmt=info:ofi/fmt:kev:mtx:journal&genre=article&sid=ProQ:ProQ%3Aabiglobal&atitle=Nonprofit+Advocacy+Under+a+Third-Party+Government+Regime%3A+Cooperation+or+Conflict%3F&title=Voluntas&issn=09578765&date=2015-02-01&volume=26&issue=1&spage=222&au=Verschuere%2C+Bram%3BDe+Corte%2C+Joris&isbn=&jtitle=Voluntas&btitle=&rft_id=info:eric/&rft_id=info:doi/10.1007%2Fs11266-013-9427-9
https://link.springer.com/content/pdf/10.1007/s11266-013-9427-9.pdf},
   year = {2015},
   type = {Journal Article}
}

@article{RN1309,
   author = {Wagner, Antonin},
   title = {Good Governance: A Radical and Normative Approach to Nonprofit Management},
   journal = {Voluntas},
   volume = {25},
   number = {3},
   pages = {797-817},
   ISSN = {09578765},
   DOI = {http://dx.doi.org/10.1007/s11266-013-9370-9},
   url = {https://login.proxy.library.emory.edu/login?url=https://www.proquest.com/scholarly-journals/good-governance-radical-normative-approach/docview/1524811111/se-2?accountid=10747
http://emory-primoprod.hosted.exlibrisgroup.com/openurl/01EMORY/01EMORY_services_page?url_ver=Z39.88-2004&rft_val_fmt=info:ofi/fmt:kev:mtx:journal&genre=article&sid=ProQ:ProQ%3Aabiglobal&atitle=Good+Governance%3A+A+Radical+and+Normative+Approach+to+Nonprofit+Management&title=Voluntas&issn=09578765&date=2014-06-01&volume=25&issue=3&spage=797&au=Wagner%2C+Antonin&isbn=&jtitle=Voluntas&btitle=&rft_id=info:eric/&rft_id=info:doi/10.1007%2Fs11266-013-9370-9
https://link.springer.com/content/pdf/10.1007/s11266-013-9370-9.pdf},
   year = {2014},
   type = {Journal Article}
}

@article{RN1269,
   author = {Wicker, Pamela and Frick, Bernd},
   title = {Recruitment and Retention of Referees in Nonprofit Sport Organizations: The Trickle-Down Effect of Role Models},
   journal = {Voluntas},
   volume = {27},
   number = {3},
   pages = {1304-1322},
   ISSN = {09578765},
   DOI = {http://dx.doi.org/10.1007/s11266-016-9705-4},
   url = {https://login.proxy.library.emory.edu/login?url=https://www.proquest.com/scholarly-journals/recruitment-retention-referees-nonprofit-sport/docview/1788181997/se-2?accountid=10747
http://emory-primoprod.hosted.exlibrisgroup.com/openurl/01EMORY/01EMORY_services_page?url_ver=Z39.88-2004&rft_val_fmt=info:ofi/fmt:kev:mtx:journal&genre=article&sid=ProQ:ProQ%3Aabiglobal&atitle=Recruitment+and+Retention+of+Referees+in+Nonprofit+Sport+Organizations%3A+The+Trickle-Down+Effect+of+Role+Models&title=Voluntas&issn=09578765&date=2016-06-01&volume=27&issue=3&spage=1304&au=Wicker%2C+Pamela%3BFrick%2C+Bernd&isbn=&jtitle=Voluntas&btitle=&rft_id=info:eric/&rft_id=info:doi/10.1007%2Fs11266-016-9705-4
https://link.springer.com/content/pdf/10.1007/s11266-016-9705-4.pdf},
   year = {2016},
   type = {Journal Article}
}

@article{RN1285,
   author = {Williamson, Alexandra Kate and Luke, Belinda and Furneaux, Craig},
   title = {Ties That Bind: Public Foundations in Dyadic Partnerships},
   journal = {Voluntas},
   volume = {32},
   number = {2},
   pages = {234-246},
   ISSN = {09578765},
   DOI = {http://dx.doi.org/10.1007/s11266-020-00269-8},
   url = {https://login.proxy.library.emory.edu/login?url=https://www.proquest.com/scholarly-journals/ties-that-bind-public-foundations-dyadic/docview/2513414785/se-2?accountid=10747
http://emory-primoprod.hosted.exlibrisgroup.com/openurl/01EMORY/01EMORY_services_page?url_ver=Z39.88-2004&rft_val_fmt=info:ofi/fmt:kev:mtx:journal&genre=article&sid=ProQ:ProQ%3Aabiglobal&atitle=Ties+That+Bind%3A+Public+Foundations+in+Dyadic+Partnerships&title=Voluntas&issn=09578765&date=2021-04-01&volume=32&issue=2&spage=234&au=Williamson%2C+Alexandra+Kate%3BLuke%2C+Belinda%3BFurneaux%2C+Craig&isbn=&jtitle=Voluntas&btitle=&rft_id=info:eric/&rft_id=info:doi/10.1007%2Fs11266-020-00269-8
https://link.springer.com/content/pdf/10.1007/s11266-020-00269-8.pdf},
   year = {2021},
   type = {Journal Article}
}

@article{RN1273,
   author = {Winters, Matthew S. and Rundlett, Ashlea},
   title = {The Challenges of Untangling the Relationship Between Participation and Happiness},
   journal = {Voluntas: International Journal of Voluntary and Nonprofit Organizations},
   volume = {26},
   number = {1},
   pages = {5-23},
   ISSN = {0957-8765, 0957-8765},
   DOI = {http://dx.doi.org/10.1007/s11266-014-9500-z},
   url = {https://login.proxy.library.emory.edu/login?url=https://www.proquest.com/scholarly-journals/challenges-untangling-relationship-between/docview/1680154309/se-2?accountid=10747
http://emory-primoprod.hosted.exlibrisgroup.com/openurl/01EMORY/01EMORY_services_page?url_ver=Z39.88-2004&rft_val_fmt=info:ofi/fmt:kev:mtx:journal&genre=article&sid=ProQ:ProQ%3Asocabs&atitle=The+Challenges+of+Untangling+the+Relationship+Between+Participation+and+Happiness&title=Voluntas%3A+International+Journal+of+Voluntary+and+Nonprofit+Organizations&issn=09578765&date=2015-02-01&volume=26&issue=1&spage=5&au=Winters%2C+Matthew+S%3BRundlett%2C+Ashlea&isbn=&jtitle=Voluntas%3A+International+Journal+of+Voluntary+and+Nonprofit+Organizations&btitle=&rft_id=info:eric/201514449&rft_id=info:doi/10.1007%2Fs11266-014-9500-z
https://link.springer.com/content/pdf/10.1007/s11266-014-9500-z.pdf},
   year = {2015},
   type = {Journal Article}
}

@article{RN1233,
   author = {Wu, Viviana Chiu-Sik},
   title = {The Geography and Disparities of Community Philanthropy: A Community Assessment Model of Needs, Resources, and Ecological Environment},
   journal = {Voluntas},
   volume = {32},
   number = {2},
   pages = {351-371},
   ISSN = {09578765},
   DOI = {http://dx.doi.org/10.1007/s11266-019-00180-x},
   url = {https://login.proxy.library.emory.edu/login?url=https://www.proquest.com/scholarly-journals/geography-disparities-community-philanthropy/docview/2513420569/se-2?accountid=10747
http://emory-primoprod.hosted.exlibrisgroup.com/openurl/01EMORY/01EMORY_services_page?url_ver=Z39.88-2004&rft_val_fmt=info:ofi/fmt:kev:mtx:journal&genre=article&sid=ProQ:ProQ%3Aabiglobal&atitle=The+Geography+and+Disparities+of+Community+Philanthropy%3A+A+Community+Assessment+Model+of+Needs%2C+Resources%2C+and+Ecological+Environment&title=Voluntas&issn=09578765&date=2021-04-01&volume=32&issue=2&spage=351&au=Wu%2C+Viviana+Chiu-Sik&isbn=&jtitle=Voluntas&btitle=&rft_id=info:eric/&rft_id=info:doi/10.1007%2Fs11266-019-00180-x
https://link.springer.com/content/pdf/10.1007/s11266-019-00180-x.pdf},
   year = {2021},
   type = {Journal Article}
}

@article{RN1250,
   author = {Young-Joo, Lee and Shon, Jongmin},
   title = {What Affects the Strategic Priority of Fundraising? A Longitudinal Study of Art, Culture and Humanity Organizations’ Fundraising Expenses in the USA},
   journal = {Voluntas},
   volume = {29},
   number = {5},
   pages = {951-961},
   ISSN = {09578765},
   DOI = {http://dx.doi.org/10.1007/s11266-018-9982-1},
   url = {https://login.proxy.library.emory.edu/login?url=https://www.proquest.com/scholarly-journals/what-affects-strategic-priority-fundraising/docview/2015531199/se-2?accountid=10747
http://emory-primoprod.hosted.exlibrisgroup.com/openurl/01EMORY/01EMORY_services_page?url_ver=Z39.88-2004&rft_val_fmt=info:ofi/fmt:kev:mtx:journal&genre=article&sid=ProQ:ProQ%3Aabiglobal&atitle=What+Affects+the+Strategic+Priority+of+Fundraising%3F+A+Longitudinal+Study+of+Art%2C+Culture+and+Humanity+Organizations%26rsquo%3B+Fundraising+Expenses+in+the+USA&title=Voluntas&issn=09578765&date=2018-10-01&volume=29&issue=5&spage=951&au=Young-Joo%2C+Lee%3BShon%2C+Jongmin&isbn=&jtitle=Voluntas&btitle=&rft_id=info:eric/&rft_id=info:doi/10.1007%2Fs11266-018-9982-1
https://link.springer.com/content/pdf/10.1007/s11266-018-9982-1.pdf},
   year = {2018},
   type = {Journal Article}
}

@article{RN1268,
   author = {Zhou, Huiquan and Pan, Quanxiao},
   title = {Information, Community, and Action on Sina-Weibo: How Chinese Philanthropic NGOs Use Social Media},
   journal = {Voluntas},
   volume = {27},
   number = {5},
   pages = {2433-2457},
   ISSN = {09578765},
   DOI = {http://dx.doi.org/10.1007/s11266-016-9685-4},
   url = {https://login.proxy.library.emory.edu/login?url=https://www.proquest.com/scholarly-journals/information-community-action-on-sina-weibo-how/docview/1820274243/se-2?accountid=10747
http://emory-primoprod.hosted.exlibrisgroup.com/openurl/01EMORY/01EMORY_services_page?url_ver=Z39.88-2004&rft_val_fmt=info:ofi/fmt:kev:mtx:journal&genre=article&sid=ProQ:ProQ%3Aabiglobal&atitle=Information%2C+Community%2C+and+Action+on+Sina-Weibo%3A+How+Chinese+Philanthropic+NGOs+Use+Social+Media&title=Voluntas&issn=09578765&date=2016-10-01&volume=27&issue=5&spage=2433&au=Zhou%2C+Huiquan%3BPan%2C+Quanxiao&isbn=&jtitle=Voluntas&btitle=&rft_id=info:eric/&rft_id=info:doi/10.1007%2Fs11266-016-9685-4
https://link.springer.com/content/pdf/10.1007/s11266-016-9685-4.pdf},
   year = {2016},
   type = {Journal Article}
}

