@article{RN1554,
   author = {Downward, Paul and Hallmann, Kirstin and Rasciute, Simona},
   title = {Volunteering and Leisure Activity in the United Kingdom: A Longitudinal Analysis of Males and Females},
   journal = {Nonprofit and Voluntary Sector Quarterly},
   volume = {49},
   number = {4},
   pages = {757-775},
   ISSN = {08997640},
   DOI = {http://dx.doi.org/10.1177/0899764020901815},
   url = {https://www.proquest.com/scholarly-journals/volunteering-leisure-activity-united-kingdom/docview/2429445110/se-2?accountid=11226
https://libkey.io/libraries/502/openurl?genre=article&au=Downward%2C+Paul%3BHallmann+Kirstin%3BRasciute+Simona&aulast=Downward&issn=08997640&isbn=&title=Volunteering+and+Leisure+Activity+in+the+United+Kingdom%3A+A+Longitudinal+Analysis+of+Males+and+Females&jtitle=Nonprofit+and+Voluntary+Sector+Quarterly&pubname=Nonprofit+and+Voluntary+Sector+Quarterly&btitle=&atitle=Volunteering+and+Leisure+Activity+in+the+United+Kingdom%3A+A+Longitudinal+Analysis+of+Males+and+Females&volume=49&issue=4&spage=757&date=2020&doi=10.1177%2F0899764020901815&sid=ProQuest
http://galileo-usg-gsu-primo.hosted.exlibrisgroup.com/openurl/GSU/GSU_SP?url_ver=Z39.88-2004&rft_val_fmt=info:ofi/fmt:kev:mtx:journal&genre=article&sid=ProQ:ProQ%3Aabiglobal&atitle=Volunteering+and+Leisure+Activity+in+the+United+Kingdom%3A+A+Longitudinal+Analysis+of+Males+and+Females&title=Nonprofit+and+Voluntary+Sector+Quarterly&issn=08997640&date=2020-08-01&volume=49&issue=4&spage=757&au=Downward%2C+Paul%3BHallmann+Kirstin%3BRasciute+Simona&isbn=&jtitle=Nonprofit+and+Voluntary+Sector+Quarterly&btitle=&rft_id=info:eric/&rft_id=info:doi/10.1177%2F0899764020901815
https://journals.sagepub.com/doi/pdf/10.1177/0899764020901815},
   year = {2020},
   type = {Journal Article}
}

@article{RN1556,
   author = {Duerrenberger, Nicole and Warning, Susanne},
   title = {Where Activity Without Pay Pays Off: International Evidence on Participating in Voluntary Associations and Wages},
   journal = {Voluntas},
   volume = {30},
   number = {1},
   pages = {222-243},
   ISSN = {09578765},
   DOI = {http://dx.doi.org/10.1007/s11266-018-00063-7},
   url = {https://www.proquest.com/scholarly-journals/where-activity-without-pay-pays-off-international/docview/2129779852/se-2?accountid=11226
https://libkey.io/libraries/502/openurl?genre=article&au=Duerrenberger%2C+Nicole%3BWarning%2C+Susanne&aulast=Duerrenberger&issn=09578765&isbn=&title=Where+Activity+Without+Pay+Pays+Off%3A+International+Evidence+on+Participating+in+Voluntary+Associations+and+Wages&jtitle=Voluntas&pubname=Voluntas&btitle=&atitle=Where+Activity+Without+Pay+Pays+Off%3A+International+Evidence+on+Participating+in+Voluntary+Associations+and+Wages&volume=30&issue=1&spage=222&date=2019&doi=10.1007%2Fs11266-018-00063-7&sid=ProQuest
http://galileo-usg-gsu-primo.hosted.exlibrisgroup.com/openurl/GSU/GSU_SP?url_ver=Z39.88-2004&rft_val_fmt=info:ofi/fmt:kev:mtx:journal&genre=article&sid=ProQ:ProQ%3Aabiglobal&atitle=Where+Activity+Without+Pay+Pays+Off%3A+International+Evidence+on+Participating+in+Voluntary+Associations+and+Wages&title=Voluntas&issn=09578765&date=2019-02-01&volume=30&issue=1&spage=222&au=Duerrenberger%2C+Nicole%3BWarning%2C+Susanne&isbn=&jtitle=Voluntas&btitle=&rft_id=info:eric/&rft_id=info:doi/10.1007%2Fs11266-018-00063-7
https://link.springer.com/content/pdf/10.1007/s11266-018-00063-7.pdf},
   year = {2019},
   type = {Journal Article}
}

@article{RN1553,
   author = {Hung, ChiaKo},
   title = {Decomposing the Effect of Commercialization on Nonprofit Donations},
   journal = {Voluntas},
   volume = {32},
   number = {2},
   pages = {448-459},
   ISSN = {09578765},
   DOI = {http://dx.doi.org/10.1007/s11266-020-00246-1},
   url = {https://www.proquest.com/scholarly-journals/decomposing-effect-commercialization-on-nonprofit/docview/2513420582/se-2?accountid=11226
https://libkey.io/libraries/502/openurl?genre=article&au=Hung+ChiaKo&aulast=Hung+ChiaKo&issn=09578765&isbn=&title=Decomposing+the+Effect+of+Commercialization+on+Nonprofit+Donations&jtitle=Voluntas&pubname=Voluntas&btitle=&atitle=Decomposing+the+Effect+of+Commercialization+on+Nonprofit+Donations&volume=32&issue=2&spage=448&date=2021&doi=10.1007%2Fs11266-020-00246-1&sid=ProQuest
http://galileo-usg-gsu-primo.hosted.exlibrisgroup.com/openurl/GSU/GSU_SP?url_ver=Z39.88-2004&rft_val_fmt=info:ofi/fmt:kev:mtx:journal&genre=article&sid=ProQ:ProQ%3Aabiglobal&atitle=Decomposing+the+Effect+of+Commercialization+on+Nonprofit+Donations&title=Voluntas&issn=09578765&date=2021-04-01&volume=32&issue=2&spage=448&au=Hung+ChiaKo&isbn=&jtitle=Voluntas&btitle=&rft_id=info:eric/&rft_id=info:doi/10.1007%2Fs11266-020-00246-1
https://link.springer.com/content/pdf/10.1007/s11266-020-00246-1.pdf},
   year = {2021},
   type = {Journal Article}
}

@article{RN1558,
   author = {Kvartiuk, Vasyl},
   title = {Participation and Local Governance Outcomes: Evidence from Ukraine},
   journal = {Voluntas},
   volume = {27},
   number = {3},
   pages = {1123-1151},
   ISSN = {09578765},
   DOI = {http://dx.doi.org/10.1007/s11266-016-9687-2},
   url = {https://www.proquest.com/scholarly-journals/participation-local-governance-outcomes-evidence/docview/1788182003/se-2?accountid=11226
https://libkey.io/libraries/502/openurl?genre=article&au=Kvartiuk%2C+Vasyl&aulast=Kvartiuk&issn=09578765&isbn=&title=Participation+and+Local+Governance+Outcomes%3A+Evidence+from+Ukraine&jtitle=Voluntas&pubname=Voluntas&btitle=&atitle=Participation+and+Local+Governance+Outcomes%3A+Evidence+from+Ukraine&volume=27&issue=3&spage=1123&date=2016&doi=10.1007%2Fs11266-016-9687-2&sid=ProQuest
http://galileo-usg-gsu-primo.hosted.exlibrisgroup.com/openurl/GSU/GSU_SP?url_ver=Z39.88-2004&rft_val_fmt=info:ofi/fmt:kev:mtx:journal&genre=article&sid=ProQ:ProQ%3Aabiglobal&atitle=Participation+and+Local+Governance+Outcomes%3A+Evidence+from+Ukraine&title=Voluntas&issn=09578765&date=2016-06-01&volume=27&issue=3&spage=1123&au=Kvartiuk%2C+Vasyl&isbn=&jtitle=Voluntas&btitle=&rft_id=info:eric/&rft_id=info:doi/10.1007%2Fs11266-016-9687-2
https://link.springer.com/content/pdf/10.1007/s11266-016-9687-2.pdf},
   year = {2016},
   type = {Journal Article}
}

@article{RN1559,
   author = {Matsushima, Midori and Matsunaga, Yoshiho},
   title = {Social Capital and Subjective Well-Being in Japan},
   journal = {Voluntas},
   volume = {26},
   number = {4},
   pages = {1016-1045},
   ISSN = {09578765},
   DOI = {http://dx.doi.org/10.1007/s11266-015-9581-3},
   url = {https://www.proquest.com/scholarly-journals/social-capital-subjective-well-being-japan/docview/1698327930/se-2?accountid=11226
https://libkey.io/libraries/502/openurl?genre=article&au=Matsushima%2C+Midori%3BMatsunaga%2C+Yoshiho&aulast=Matsushima&issn=09578765&isbn=&title=Social+Capital+and+Subjective+Well-Being+in+Japan&jtitle=Voluntas&pubname=Voluntas&btitle=&atitle=Social+Capital+and+Subjective+Well-Being+in+Japan&volume=26&issue=4&spage=1016&date=2015&doi=10.1007%2Fs11266-015-9581-3&sid=ProQuest
http://galileo-usg-gsu-primo.hosted.exlibrisgroup.com/openurl/GSU/GSU_SP?url_ver=Z39.88-2004&rft_val_fmt=info:ofi/fmt:kev:mtx:journal&genre=article&sid=ProQ:ProQ%3Aabiglobal&atitle=Social+Capital+and+Subjective+Well-Being+in+Japan&title=Voluntas&issn=09578765&date=2015-08-01&volume=26&issue=4&spage=1016&au=Matsushima%2C+Midori%3BMatsunaga%2C+Yoshiho&isbn=&jtitle=Voluntas&btitle=&rft_id=info:eric/&rft_id=info:doi/10.1007%2Fs11266-015-9581-3
https://link.springer.com/content/pdf/10.1007/s11266-015-9581-3.pdf},
   year = {2015},
   type = {Journal Article}
}

@article{RN1557,
   author = {Petrovski, Erik},
   title = {Whether and How Much to Give: Uncovering the Contrasting Determinants of the Decisions of Whether and How Much to Give to Charity with Two-Stage Alternatives to the Prevailing Tobit Model},
   journal = {Voluntas},
   volume = {28},
   number = {2},
   pages = {594-620},
   ISSN = {09578765},
   DOI = {http://dx.doi.org/10.1007/s11266-017-9828-2},
   url = {https://www.proquest.com/scholarly-journals/whether-how-much-give-uncovering-contrasting/docview/1879369475/se-2?accountid=11226
https://libkey.io/libraries/502/openurl?genre=article&au=Petrovski%2C+Erik&aulast=Petrovski&issn=09578765&isbn=&title=Whether+and+How+Much+to+Give%3A+Uncovering+the+Contrasting+Determinants+of+the+Decisions+of+Whether+and+How+Much+to+Give+to+Charity+with+Two-Stage+Alternatives+to+the+Prevailing+Tobit+Model&jtitle=Voluntas&pubname=Voluntas&btitle=&atitle=Whether+and+How+Much+to+Give%3A+Uncovering+the+Contrasting+Determinants+of+the+Decisions+of+Whether+and+How+Much+to+Give+to+Charity+with+Two-Stage+Alternatives+to+the+Prevailing+Tobit+Model&volume=28&issue=2&spage=594&date=2017&doi=10.1007%2Fs11266-017-9828-2&sid=ProQuest
http://galileo-usg-gsu-primo.hosted.exlibrisgroup.com/openurl/GSU/GSU_SP?url_ver=Z39.88-2004&rft_val_fmt=info:ofi/fmt:kev:mtx:journal&genre=article&sid=ProQ:ProQ%3Aabiglobal&atitle=Whether+and+How+Much+to+Give%3A+Uncovering+the+Contrasting+Determinants+of+the+Decisions+of+Whether+and+How+Much+to+Give+to+Charity+with+Two-Stage+Alternatives+to+the+Prevailing+Tobit+Model&title=Voluntas&issn=09578765&date=2017-04-01&volume=28&issue=2&spage=594&au=Petrovski%2C+Erik&isbn=&jtitle=Voluntas&btitle=&rft_id=info:eric/&rft_id=info:doi/10.1007%2Fs11266-017-9828-2
https://link.springer.com/content/pdf/10.1007/s11266-017-9828-2.pdf},
   year = {2017},
   type = {Journal Article}
}

@article{RN1560,
   author = {Pinz, Alexander and Helmig, Bernd},
   title = {Success Factors of Microfinance Institutions: State of the Art and Research Agenda},
   journal = {Voluntas},
   volume = {26},
   number = {2},
   pages = {488-509},
   ISSN = {09578765},
   DOI = {http://dx.doi.org/10.1007/s11266-014-9445-2},
   url = {https://www.proquest.com/scholarly-journals/success-factors-microfinance-institutions-state/docview/1655082990/se-2?accountid=11226
https://libkey.io/libraries/502/openurl?genre=article&au=Pinz%2C+Alexander%3BHelmig%2C+Bernd&aulast=Pinz&issn=09578765&isbn=&title=Success+Factors+of+Microfinance+Institutions%3A+State+of+the+Art+and+Research+Agenda&jtitle=Voluntas&pubname=Voluntas&btitle=&atitle=Success+Factors+of+Microfinance+Institutions%3A+State+of+the+Art+and+Research+Agenda&volume=26&issue=2&spage=488&date=2015&doi=10.1007%2Fs11266-014-9445-2&sid=ProQuest
http://galileo-usg-gsu-primo.hosted.exlibrisgroup.com/openurl/GSU/GSU_SP?url_ver=Z39.88-2004&rft_val_fmt=info:ofi/fmt:kev:mtx:journal&genre=article&sid=ProQ:ProQ%3Aabiglobal&atitle=Success+Factors+of+Microfinance+Institutions%3A+State+of+the+Art+and+Research+Agenda&title=Voluntas&issn=09578765&date=2015-04-01&volume=26&issue=2&spage=488&au=Pinz%2C+Alexander%3BHelmig%2C+Bernd&isbn=&jtitle=Voluntas&btitle=&rft_id=info:eric/&rft_id=info:doi/10.1007%2Fs11266-014-9445-2
https://link.springer.com/content/pdf/10.1007/s11266-014-9445-2.pdf},
   year = {2015},
   type = {Journal Article}
}

@article{RN1555,
   author = {Samuelson, Appau and Churchill, Sefa Awaworyi},
   title = {Charity, Volunteering Type and Subjective Wellbeing},
   journal = {Voluntas},
   volume = {30},
   number = {5},
   pages = {1118-1132},
   ISSN = {09578765},
   DOI = {http://dx.doi.org/10.1007/s11266-018-0009-8},
   url = {https://www.proquest.com/scholarly-journals/charity-volunteering-type-subjective-wellbeing/docview/2055364860/se-2?accountid=11226
https://libkey.io/libraries/502/openurl?genre=article&au=Samuelson+Appau%3BChurchill%2C+Sefa+Awaworyi&aulast=Samuelson+Appau&issn=09578765&isbn=&title=Charity%2C+Volunteering+Type+and+Subjective+Wellbeing&jtitle=Voluntas&pubname=Voluntas&btitle=&atitle=Charity%2C+Volunteering+Type+and+Subjective+Wellbeing&volume=30&issue=5&spage=1118&date=2019&doi=10.1007%2Fs11266-018-0009-8&sid=ProQuest
http://galileo-usg-gsu-primo.hosted.exlibrisgroup.com/openurl/GSU/GSU_SP?url_ver=Z39.88-2004&rft_val_fmt=info:ofi/fmt:kev:mtx:journal&genre=article&sid=ProQ:ProQ%3Aabiglobal&atitle=Charity%2C+Volunteering+Type+and+Subjective+Wellbeing&title=Voluntas&issn=09578765&date=2019-10-01&volume=30&issue=5&spage=1118&au=Samuelson+Appau%3BChurchill%2C+Sefa+Awaworyi&isbn=&jtitle=Voluntas&btitle=&rft_id=info:eric/&rft_id=info:doi/10.1007%2Fs11266-018-0009-8
https://link.springer.com/content/pdf/10.1007/s11266-018-0009-8.pdf},
   year = {2019},
   type = {Journal Article}
}

@article{RN1561,
   author = {Tiefenbach, Tim and Holdgrün, Phoebe Stella},
   title = {Happiness Through Participation in Neighborhood Associations in Japan? The Impact of Loneliness and Voluntariness},
   journal = {Voluntas},
   volume = {26},
   number = {1},
   pages = {69-97},
   ISSN = {09578765},
   DOI = {http://dx.doi.org/10.1007/s11266-014-9520-8},
   url = {https://www.proquest.com/scholarly-journals/happiness-through-participation-neighborhood/docview/1645537266/se-2?accountid=11226
https://libkey.io/libraries/502/openurl?genre=article&au=Tiefenbach%2C+Tim%3BHoldgr%C3%BCn%2C+Phoebe+Stella&aulast=Tiefenbach&issn=09578765&isbn=&title=Happiness+Through+Participation+in+Neighborhood+Associations+in+Japan%3F+The+Impact+of+Loneliness+and+Voluntariness&jtitle=Voluntas&pubname=Voluntas&btitle=&atitle=Happiness+Through+Participation+in+Neighborhood+Associations+in+Japan%3F+The+Impact+of+Loneliness+and+Voluntariness&volume=26&issue=1&spage=69&date=2015&doi=10.1007%2Fs11266-014-9520-8&sid=ProQuest
http://galileo-usg-gsu-primo.hosted.exlibrisgroup.com/openurl/GSU/GSU_SP?url_ver=Z39.88-2004&rft_val_fmt=info:ofi/fmt:kev:mtx:journal&genre=article&sid=ProQ:ProQ%3Aabiglobal&atitle=Happiness+Through+Participation+in+Neighborhood+Associations+in+Japan%3F+The+Impact+of+Loneliness+and+Voluntariness&title=Voluntas&issn=09578765&date=2015-02-01&volume=26&issue=1&spage=69&au=Tiefenbach%2C+Tim%3BHoldgr%C3%BCn%2C+Phoebe+Stella&isbn=&jtitle=Voluntas&btitle=&rft_id=info:eric/&rft_id=info:doi/10.1007%2Fs11266-014-9520-8
https://link.springer.com/content/pdf/10.1007/s11266-014-9520-8.pdf},
   year = {2015},
   type = {Journal Article}
}

