@article{RN1671,
   author = {AbouAssi, Khaldoun and Tschirhart, Mary},
   title = {Organizational Response to Changing Demands: Predicting Behavior in Donor Networks},
   journal = {Public Administration Review},
   volume = {78},
   number = {1},
   pages = {126-136},
   ISSN = {00333352},
   DOI = {http://dx.doi.org/10.1111/puar.12786},
   url = {https://login.proxy.library.emory.edu/login?url=https://www.proquest.com/scholarly-journals/organizational-response-changing-demands/docview/1986818173/se-2?accountid=10747
http://emory-primoprod.hosted.exlibrisgroup.com/openurl/01EMORY/01EMORY_services_page?url_ver=Z39.88-2004&rft_val_fmt=info:ofi/fmt:kev:mtx:journal&genre=article&sid=ProQ:ProQ%3Aabiglobal&atitle=Organizational+Response+to+Changing+Demands%3A+Predicting+Behavior+in+Donor+Networks&title=Public+Administration+Review&issn=00333352&date=2018-01-01&volume=78&issue=1&spage=126&au=AbouAssi%2C+Khaldoun%3BTschirhart%2C+Mary&isbn=&jtitle=Public+Administration+Review&btitle=&rft_id=info:eric/&rft_id=info:doi/10.1111%2Fpuar.12786},
   year = {2018},
   type = {Journal Article}
}

@article{RN1691,
   author = {Amirkhanyan, Anna A.},
   title = {Monitoring across Sectors: Examining the Effect of Nonprofit and For-Profit Contractor Ownership on Performance Monitoring in State and Local Contracts},
   journal = {Public Administration Review},
   volume = {70},
   number = {5},
   pages = {742-755,666-667},
   ISSN = {00333352},
   url = {https://login.proxy.library.emory.edu/login?url=https://www.proquest.com/scholarly-journals/monitoring-across-sectors-examining-effect/docview/853403311/se-2?accountid=10747
http://emory-primoprod.hosted.exlibrisgroup.com/openurl/01EMORY/01EMORY_services_page?url_ver=Z39.88-2004&rft_val_fmt=info:ofi/fmt:kev:mtx:journal&genre=article&sid=ProQ:ProQ%3Aabiglobal&atitle=Monitoring+across+Sectors%3A+Examining+the+Effect+of+Nonprofit+and+For-Profit+Contractor+Ownership+on+Performance+Monitoring+in+State+and+Local+Contracts&title=Public+Administration+Review&issn=00333352&date=2010-09-01&volume=70&issue=5&spage=742&au=Amirkhanyan%2C+Anna+A&isbn=&jtitle=Public+Administration+Review&btitle=&rft_id=info:eric/&rft_id=info:doi/},
   year = {2010},
   type = {Journal Article}
}

@article{RN1697,
   author = {Andrews, Rhys and Entwistle, Tom},
   title = {Does Cross-Sectoral Partnership Deliver? An Empirical Exploration of Public Service Effectiveness, Efficiency, and Equity: J-PART},
   journal = {Journal of Public Administration Research and Theory},
   volume = {20},
   number = {3},
   pages = {679},
   ISSN = {10531858},
   DOI = {http://dx.doi.org/10.1093/jopart/mup045},
   url = {https://login.proxy.library.emory.edu/login?url=https://www.proquest.com/scholarly-journals/does-cross-sectoral-partnership-deliver-empirical/docview/580114958/se-2?accountid=10747
http://emory-primoprod.hosted.exlibrisgroup.com/openurl/01EMORY/01EMORY_services_page?url_ver=Z39.88-2004&rft_val_fmt=info:ofi/fmt:kev:mtx:journal&genre=article&sid=ProQ:ProQ%3Aabiglobal&atitle=Does+Cross-Sectoral+Partnership+Deliver%3F+An+Empirical+Exploration+of+Public+Service+Effectiveness%2C+Efficiency%2C+and+Equity%3A+J-PART&title=Journal+of+Public+Administration+Research+and+Theory&issn=10531858&date=2010-07-01&volume=20&issue=3&spage=679&au=Andrews%2C+Rhys%3BEntwistle%2C+Tom&isbn=&jtitle=Journal+of+Public+Administration+Research+and+Theory&btitle=&rft_id=info:eric/&rft_id=info:doi/10.1093%2Fjopart%2Fmup045},
   year = {2010},
   type = {Journal Article}
}

@article{RN1676,
   author = {Bartels, Koen P. R. and Cozzi, Guido and Mantovan, Noemi},
   title = {"The Big Society," Public Expenditure, and Volunteering},
   journal = {Public Administration Review},
   volume = {73},
   number = {2},
   pages = {340},
   ISSN = {00333352},
   url = {https://login.proxy.library.emory.edu/login?url=https://www.proquest.com/scholarly-journals/big-society-public-expenditure-volunteering/docview/1328996517/se-2?accountid=10747
http://emory-primoprod.hosted.exlibrisgroup.com/openurl/01EMORY/01EMORY_services_page?url_ver=Z39.88-2004&rft_val_fmt=info:ofi/fmt:kev:mtx:journal&genre=article&sid=ProQ:ProQ%3Aabiglobal&atitle=%26quot%3BThe+Big+Society%2C%26quot%3B+Public+Expenditure%2C+and+Volunteering&title=Public+Administration+Review&issn=00333352&date=2013-03-01&volume=73&issue=2&spage=340&au=Bartels%2C+Koen+P+R%3BCozzi%2C+Guido%3BMantovan%2C+Noemi&isbn=&jtitle=Public+Administration+Review&btitle=&rft_id=info:eric/&rft_id=info:doi/},
   year = {2013},
   type = {Journal Article}
}

@article{RN1693,
   author = {Barth, Tom},
   title = {Crisis Management in the Catholic Church: Lessons for Public Administrators},
   journal = {Public Administration Review},
   volume = {70},
   number = {5},
   pages = {780-791},
   ISSN = {00333352},
   url = {https://login.proxy.library.emory.edu/login?url=https://www.proquest.com/scholarly-journals/crisis-management-catholic-church-lessons-public/docview/853334157/se-2?accountid=10747
http://emory-primoprod.hosted.exlibrisgroup.com/openurl/01EMORY/01EMORY_services_page?url_ver=Z39.88-2004&rft_val_fmt=info:ofi/fmt:kev:mtx:journal&genre=article&sid=ProQ:ProQ%3Aabiglobal&atitle=Crisis+Management+in+the+Catholic+Church%3A+Lessons+for+Public+Administrators&title=Public+Administration+Review&issn=00333352&date=2010-09-01&volume=70&issue=5&spage=780&au=Barth%2C+Tom&isbn=&jtitle=Public+Administration+Review&btitle=&rft_id=info:eric/&rft_id=info:doi/},
   year = {2010},
   type = {Journal Article}
}

@article{RN1695,
   author = {Beckett-Camarata, Jane and Dudley, Larkin},
   title = {Educating American Public Administrators: Texts for the Introductory Course},
   journal = {Public Administration Review},
   volume = {70},
   number = {4},
   pages = {634-636},
   ISSN = {00333352},
   url = {https://login.proxy.library.emory.edu/login?url=https://www.proquest.com/scholarly-journals/educating-american-public-administrators-texts/docview/853147553/se-2?accountid=10747
http://emory-primoprod.hosted.exlibrisgroup.com/openurl/01EMORY/01EMORY_services_page?url_ver=Z39.88-2004&rft_val_fmt=info:ofi/fmt:kev:mtx:journal&genre=article&sid=ProQ:ProQ%3Aabiglobal&atitle=Educating+American+Public+Administrators%3A+Texts+for+the+Introductory+Course&title=Public+Administration+Review&issn=00333352&date=2010-07-01&volume=70&issue=4&spage=634&au=Beckett-Camarata%2C+Jane%3BDudley%2C+Larkin&isbn=&jtitle=Public+Administration+Review&btitle=&rft_id=info:eric/&rft_id=info:doi/},
   year = {2010},
   type = {Journal Article}
}

@article{RN1702,
   author = {Boardman, Craig and Bozeman, Barry and Ponomariov, Branco},
   title = {Private Sector Imprinting: An Examination of the Impacts of Private Sector Job Experience on Public Managers' Work Attitudes},
   journal = {Public Administration Review},
   volume = {70},
   number = {1},
   pages = {50-59},
   ISSN = {00333352},
   url = {https://login.proxy.library.emory.edu/login?url=https://www.proquest.com/scholarly-journals/private-sector-imprinting-examination-impacts-job/docview/853757545/se-2?accountid=10747
http://emory-primoprod.hosted.exlibrisgroup.com/openurl/01EMORY/01EMORY_services_page?url_ver=Z39.88-2004&rft_val_fmt=info:ofi/fmt:kev:mtx:journal&genre=article&sid=ProQ:ProQ%3Aabiglobal&atitle=Private+Sector+Imprinting%3A+An+Examination+of+the+Impacts+of+Private+Sector+Job+Experience+on+Public+Managers%27+Work+Attitudes&title=Public+Administration+Review&issn=00333352&date=2010-01-01&volume=70&issue=1&spage=50&au=Boardman%2C+Craig%3BBozeman%2C+Barry%3BPonomariov%2C+Branco&isbn=&jtitle=Public+Administration+Review&btitle=&rft_id=info:eric/&rft_id=info:doi/},
   year = {2010},
   type = {Journal Article}
}

@article{RN1685,
   author = {Bryson, John M.},
   title = {The Future of Public and Nonprofit Strategic Planning in the United States},
   journal = {Public Administration Review},
   volume = {70},
   number = {S1},
   pages = {S255-S267},
   ISSN = {00333352},
   url = {https://login.proxy.library.emory.edu/login?url=https://www.proquest.com/scholarly-journals/future-public-nonprofit-strategic-planning-united/docview/853426263/se-2?accountid=10747
http://emory-primoprod.hosted.exlibrisgroup.com/openurl/01EMORY/01EMORY_services_page?url_ver=Z39.88-2004&rft_val_fmt=info:ofi/fmt:kev:mtx:journal&genre=article&sid=ProQ:ProQ%3Aabiglobal&atitle=The+Future+of+Public+and+Nonprofit+Strategic+Planning+in+the+United+States&title=Public+Administration+Review&issn=00333352&date=2010-12-01&volume=70&issue=S1&spage=S255&au=Bryson%2C+John+M&isbn=&jtitle=Public+Administration+Review&btitle=&rft_id=info:eric/&rft_id=info:doi/},
   year = {2010},
   type = {Journal Article}
}

@article{RN1701,
   author = {Choi, Sungjoo and Rainey, Hal G.},
   title = {Managing Diversity in U.S. Federal Agencies: Effects of Diversity and Diversity Management on Employee Perceptions of Organizational Performance},
   journal = {Public Administration Review},
   volume = {70},
   number = {1},
   pages = {109-121},
   ISSN = {00333352},
   url = {https://login.proxy.library.emory.edu/login?url=https://www.proquest.com/scholarly-journals/managing-diversity-u-s-federal-agencies-effects/docview/853757555/se-2?accountid=10747
http://emory-primoprod.hosted.exlibrisgroup.com/openurl/01EMORY/01EMORY_services_page?url_ver=Z39.88-2004&rft_val_fmt=info:ofi/fmt:kev:mtx:journal&genre=article&sid=ProQ:ProQ%3Aabiglobal&atitle=Managing+Diversity+in+U.S.+Federal+Agencies%3A+Effects+of+Diversity+and+Diversity+Management+on+Employee+Perceptions+of+Organizational+Performance&title=Public+Administration+Review&issn=00333352&date=2010-01-01&volume=70&issue=1&spage=109&au=Choi%2C+Sungjoo%3BRainey%2C+Hal+G&isbn=&jtitle=Public+Administration+Review&btitle=&rft_id=info:eric/&rft_id=info:doi/},
   year = {2010},
   type = {Journal Article}
}

@article{RN1692,
   author = {Comfort, Louise K. and Birkland, Thomas A. and Cigler, Beverly A. and Nance, Earthea},
   title = {Retrospectives and Prospectives on Hurricane Katrina: Five Years and Counting},
   journal = {Public Administration Review},
   volume = {70},
   number = {5},
   pages = {669-678,665},
   ISSN = {00333352},
   DOI = {http://dx.doi.org/10.1111/j.1540-6210.2010.02194.x},
   url = {https://login.proxy.library.emory.edu/login?url=https://www.proquest.com/scholarly-journals/retrospectives-prospectives-on-hurricane-katrina/docview/853403255/se-2?accountid=10747
http://emory-primoprod.hosted.exlibrisgroup.com/openurl/01EMORY/01EMORY_services_page?url_ver=Z39.88-2004&rft_val_fmt=info:ofi/fmt:kev:mtx:journal&genre=article&sid=ProQ:ProQ%3Aabiglobal&atitle=Retrospectives+and+Prospectives+on+Hurricane+Katrina%3A+Five+Years+and+Counting&title=Public+Administration+Review&issn=00333352&date=2010-09-01&volume=70&issue=5&spage=669&au=Comfort%2C+Louise+K%3BBirkland%2C+Thomas+A%3BCigler%2C+Beverly+A%3BNance%2C+Earthea&isbn=&jtitle=Public+Administration+Review&btitle=&rft_id=info:eric/&rft_id=info:doi/10.1111%2Fj.1540-6210.2010.02194.x},
   year = {2010},
   type = {Journal Article}
}

@article{RN1687,
   author = {Crosby, Barbara C.},
   title = {Leading in the Shared-Power World of 2020},
   journal = {Public Administration Review},
   volume = {70},
   number = {S1},
   pages = {S69-S77},
   ISSN = {00333352},
   DOI = {http://dx.doi.org/10.1111/j.1540-6210.2010.02248.x},
   url = {https://login.proxy.library.emory.edu/login?url=https://www.proquest.com/scholarly-journals/leading-shared-power-world-2020/docview/853424622/se-2?accountid=10747
http://emory-primoprod.hosted.exlibrisgroup.com/openurl/01EMORY/01EMORY_services_page?url_ver=Z39.88-2004&rft_val_fmt=info:ofi/fmt:kev:mtx:journal&genre=article&sid=ProQ:ProQ%3Aabiglobal&atitle=Leading+in+the+Shared-Power+World+of+2020&title=Public+Administration+Review&issn=00333352&date=2010-12-01&volume=70&issue=S1&spage=S69&au=Crosby%2C+Barbara+C&isbn=&jtitle=Public+Administration+Review&btitle=&rft_id=info:eric/&rft_id=info:doi/10.1111%2Fj.1540-6210.2010.02248.x},
   year = {2010},
   type = {Journal Article}
}

@article{RN1684,
   author = {Feldman, Martha S.},
   title = {Managing the Organization of the Future},
   journal = {Public Administration Review},
   volume = {70},
   number = {S1},
   pages = {S159-S163},
   ISSN = {00333352},
   url = {https://login.proxy.library.emory.edu/login?url=https://www.proquest.com/scholarly-journals/managing-organization-future/docview/853426374/se-2?accountid=10747
http://emory-primoprod.hosted.exlibrisgroup.com/openurl/01EMORY/01EMORY_services_page?url_ver=Z39.88-2004&rft_val_fmt=info:ofi/fmt:kev:mtx:journal&genre=article&sid=ProQ:ProQ%3Aabiglobal&atitle=Managing+the+Organization+of+the+Future&title=Public+Administration+Review&issn=00333352&date=2010-12-01&volume=70&issue=S1&spage=S159&au=Feldman%2C+Martha+S&isbn=&jtitle=Public+Administration+Review&btitle=&rft_id=info:eric/&rft_id=info:doi/},
   year = {2010},
   type = {Journal Article}
}

@article{RN1698,
   author = {Forrer, John and Kee, James Edwin and Newcomer, Kathryn E. and Boyer, Eric},
   title = {Public-Private Partnerships and the Public Accountability Question},
   journal = {Public Administration Review},
   volume = {70},
   number = {3},
   pages = {475-484,347},
   ISSN = {00333352},
   DOI = {http://dx.doi.org/10.1111/j.1540-6210.2010.02161.x},
   url = {https://login.proxy.library.emory.edu/login?url=https://www.proquest.com/scholarly-journals/public-private-partnerships-accountability/docview/853274318/se-2?accountid=10747
http://emory-primoprod.hosted.exlibrisgroup.com/openurl/01EMORY/01EMORY_services_page?url_ver=Z39.88-2004&rft_val_fmt=info:ofi/fmt:kev:mtx:journal&genre=article&sid=ProQ:ProQ%3Aabiglobal&atitle=Public-Private+Partnerships+and+the+Public+Accountability+Question&title=Public+Administration+Review&issn=00333352&date=2010-05-01&volume=70&issue=3&spage=475&au=Forrer%2C+John%3BKee%2C+James+Edwin%3BNewcomer%2C+Kathryn+E%3BBoyer%2C+Eric&isbn=&jtitle=Public+Administration+Review&btitle=&rft_id=info:eric/&rft_id=info:doi/10.1111%2Fj.1540-6210.2010.02161.x},
   year = {2010},
   type = {Journal Article}
}

@article{RN1678,
   author = {Garrow, Eve E.},
   title = {Receipt of Government Revenue among Nonprofit Human Service Organizations: J-PART},
   journal = {Journal of Public Administration Research and Theory},
   volume = {21},
   number = {3},
   pages = {445},
   ISSN = {10531858},
   DOI = {http://dx.doi.org/10.1093/jopart/muq074},
   url = {https://login.proxy.library.emory.edu/login?url=https://www.proquest.com/scholarly-journals/receipt-government-revenue-among-nonprofit-human/docview/880771679/se-2?accountid=10747
http://emory-primoprod.hosted.exlibrisgroup.com/openurl/01EMORY/01EMORY_services_page?url_ver=Z39.88-2004&rft_val_fmt=info:ofi/fmt:kev:mtx:journal&genre=article&sid=ProQ:ProQ%3Aabiglobal&atitle=Receipt+of+Government+Revenue+among+Nonprofit+Human+Service+Organizations%3A+J-PART&title=Journal+of+Public+Administration+Research+and+Theory&issn=10531858&date=2011-07-01&volume=21&issue=3&spage=445&au=Garrow%2C+Eve+E&isbn=&jtitle=Journal+of+Public+Administration+Research+and+Theory&btitle=&rft_id=info:eric/&rft_id=info:doi/10.1093%2Fjopart%2Fmuq074},
   year = {2011},
   type = {Journal Article}
}

@article{RN1694,
   author = {Gazley, Beth and Chang, Won Kyung and Bingham, Lisa Blomgren},
   title = {Board Diversity, Stakeholder Representation, and Collaborative Performance in Community Mediation Centers},
   journal = {Public Administration Review},
   volume = {70},
   number = {4},
   pages = {610-620,523},
   ISSN = {00333352},
   url = {https://login.proxy.library.emory.edu/login?url=https://www.proquest.com/scholarly-journals/board-diversity-stakeholder-representation/docview/853147587/se-2?accountid=10747
http://emory-primoprod.hosted.exlibrisgroup.com/openurl/01EMORY/01EMORY_services_page?url_ver=Z39.88-2004&rft_val_fmt=info:ofi/fmt:kev:mtx:journal&genre=article&sid=ProQ:ProQ%3Aabiglobal&atitle=Board+Diversity%2C+Stakeholder+Representation%2C+and+Collaborative+Performance+in+Community+Mediation+Centers&title=Public+Administration+Review&issn=00333352&date=2010-07-01&volume=70&issue=4&spage=610&au=Gazley%2C+Beth%3BChang%2C+Won+Kyung%3BBingham%2C+Lisa+Blomgren&isbn=&jtitle=Public+Administration+Review&btitle=&rft_id=info:eric/&rft_id=info:doi/},
   year = {2010},
   type = {Journal Article}
}

@article{RN1670,
   author = {Gazley, Beth and LaFontant, Chantalle and Yuan, Cheng},
   title = {Does Coproduction of Public Services Support Government's Social Equity Goals? The Case of U.S. State Parks},
   journal = {Public Administration Review},
   volume = {80},
   number = {3},
   pages = {349-359},
   ISSN = {00333352},
   DOI = {http://dx.doi.org/10.1111/puar.13161},
   url = {https://login.proxy.library.emory.edu/login?url=https://www.proquest.com/scholarly-journals/does-coproduction-public-services-support/docview/2396022982/se-2?accountid=10747
http://emory-primoprod.hosted.exlibrisgroup.com/openurl/01EMORY/01EMORY_services_page?url_ver=Z39.88-2004&rft_val_fmt=info:ofi/fmt:kev:mtx:journal&genre=article&sid=ProQ:ProQ%3Aabiglobal&atitle=Does+Coproduction+of+Public+Services+Support+Government%27s+Social+Equity+Goals%3F+The+Case+of+U.S.+State+Parks&title=Public+Administration+Review&issn=00333352&date=2020-05-01&volume=80&issue=3&spage=349&au=Gazley%2C+Beth%3BLaFontant%2C+Chantalle%3BYuan+%28Daniel%29+Cheng&isbn=&jtitle=Public+Administration+Review&btitle=&rft_id=info:eric/&rft_id=info:doi/10.1111%2Fpuar.13161},
   year = {2020},
   type = {Journal Article}
}

@article{RN1696,
   author = {Handley, Donna Milam and Howell-Moroney, Michael},
   title = {Ordering Stakeholder Relationships and Citizen Participation: Evidence from the Community Development Block Grant Program},
   journal = {Public Administration Review},
   volume = {70},
   number = {4},
   pages = {601-609,523},
   ISSN = {00333352},
   url = {https://login.proxy.library.emory.edu/login?url=https://www.proquest.com/scholarly-journals/ordering-stakeholder-relationships-citizen/docview/853147548/se-2?accountid=10747
http://emory-primoprod.hosted.exlibrisgroup.com/openurl/01EMORY/01EMORY_services_page?url_ver=Z39.88-2004&rft_val_fmt=info:ofi/fmt:kev:mtx:journal&genre=article&sid=ProQ:ProQ%3Aabiglobal&atitle=Ordering+Stakeholder+Relationships+and+Citizen+Participation%3A+Evidence+from+the+Community+Development+Block+Grant+Program&title=Public+Administration+Review&issn=00333352&date=2010-07-01&volume=70&issue=4&spage=601&au=Handley%2C+Donna+Milam%3BHowell-Moroney%2C+Michael&isbn=&jtitle=Public+Administration+Review&btitle=&rft_id=info:eric/&rft_id=info:doi/},
   year = {2010},
   type = {Journal Article}
}

@article{RN1682,
   author = {Jaskyte, Kristina},
   title = {Predictors of Administrative and Technological Innovations in Nonprofit Organizations},
   journal = {Public Administration Review},
   volume = {71},
   number = {1},
   pages = {77-86},
   ISSN = {00333352},
   DOI = {http://dx.doi.org/10.1111/j.1540-6210.2010.02308.x},
   url = {https://login.proxy.library.emory.edu/login?url=https://www.proquest.com/scholarly-journals/predictors-administrative-technological/docview/853414486/se-2?accountid=10747
http://emory-primoprod.hosted.exlibrisgroup.com/openurl/01EMORY/01EMORY_services_page?url_ver=Z39.88-2004&rft_val_fmt=info:ofi/fmt:kev:mtx:journal&genre=article&sid=ProQ:ProQ%3Aabiglobal&atitle=Predictors+of+Administrative+and+Technological+Innovations+in+Nonprofit+Organizations&title=Public+Administration+Review&issn=00333352&date=2011-01-01&volume=71&issue=1&spage=77&au=Jaskyte%2C+Kristina&isbn=&jtitle=Public+Administration+Review&btitle=&rft_id=info:eric/&rft_id=info:doi/10.1111%2Fj.1540-6210.2010.02308.x},
   year = {2011},
   type = {Journal Article}
}

@article{RN1677,
   author = {Johansen, Morgen and LeRoux, Kelly},
   title = {Managerial Networking in Nonprofit Organizations: The Impact of Networking on Organizational and Advocacy Effectiveness},
   journal = {Public Administration Review},
   volume = {73},
   number = {2},
   pages = {355},
   ISSN = {00333352},
   url = {https://login.proxy.library.emory.edu/login?url=https://www.proquest.com/scholarly-journals/managerial-networking-nonprofit-organizations/docview/1328996111/se-2?accountid=10747
http://emory-primoprod.hosted.exlibrisgroup.com/openurl/01EMORY/01EMORY_services_page?url_ver=Z39.88-2004&rft_val_fmt=info:ofi/fmt:kev:mtx:journal&genre=article&sid=ProQ:ProQ%3Aabiglobal&atitle=Managerial+Networking+in+Nonprofit+Organizations%3A+The+Impact+of+Networking+on+Organizational+and+Advocacy+Effectiveness&title=Public+Administration+Review&issn=00333352&date=2013-03-01&volume=73&issue=2&spage=355&au=Johansen%2C+Morgen%3BLeRoux%2C+Kelly&isbn=&jtitle=Public+Administration+Review&btitle=&rft_id=info:eric/&rft_id=info:doi/},
   year = {2013},
   type = {Journal Article}
}

@article{RN1699,
   author = {Kalu, Kalu N.},
   title = {Opening the Black Box: Beyond Frameworks and Heuristics in Administrative Practice},
   journal = {Public Administration Review},
   volume = {70},
   number = {1},
   pages = {162-167},
   ISSN = {00333352},
   DOI = {http://dx.doi.org/10.1111/j.1540-6210.2009.02121.x},
   url = {https://login.proxy.library.emory.edu/login?url=https://www.proquest.com/scholarly-journals/opening-black-box-beyond-frameworks-heuristics/docview/853757655/se-2?accountid=10747
http://emory-primoprod.hosted.exlibrisgroup.com/openurl/01EMORY/01EMORY_services_page?url_ver=Z39.88-2004&rft_val_fmt=info:ofi/fmt:kev:mtx:journal&genre=article&sid=ProQ:ProQ%3Aabiglobal&atitle=Opening+the+Black+Box%3A+Beyond+Frameworks+and+Heuristics+in+Administrative+Practice&title=Public+Administration+Review&issn=00333352&date=2010-01-01&volume=70&issue=1&spage=162&au=Kalu%2C+Kalu+N&isbn=&jtitle=Public+Administration+Review&btitle=&rft_id=info:eric/&rft_id=info:doi/10.1111%2Fj.1540-6210.2009.02121.x},
   year = {2010},
   type = {Journal Article}
}

@article{RN1673,
   author = {Kaminis, Georgios and Tsiouras, Athanasios},
   title = {A Participatory Model of Government: The Municipality of Athens, Greece, 2011 to Today},
   journal = {Public Administration Review},
   volume = {75},
   number = {5},
   pages = {643-644},
   ISSN = {00333352},
   DOI = {http://dx.doi.org/10.1111/puar.12425},
   url = {https://login.proxy.library.emory.edu/login?url=https://www.proquest.com/scholarly-journals/participatory-model-government-municipality/docview/1797263940/se-2?accountid=10747
http://emory-primoprod.hosted.exlibrisgroup.com/openurl/01EMORY/01EMORY_services_page?url_ver=Z39.88-2004&rft_val_fmt=info:ofi/fmt:kev:mtx:journal&genre=article&sid=ProQ:ProQ%3Aabiglobal&atitle=A+Participatory+Model+of+Government%3A+The+Municipality+of+Athens%2C+Greece%2C+2011+to+Today&title=Public+Administration+Review&issn=00333352&date=2015-09-01&volume=75&issue=5&spage=643&au=Kaminis%2C+Georgios%3BTsiouras%2C+Athanasios&isbn=&jtitle=Public+Administration+Review&btitle=&rft_id=info:eric/&rft_id=info:doi/10.1111%2Fpuar.12425},
   year = {2015},
   type = {Journal Article}
}

@article{RN1688,
   author = {Khagram, Sanjeev and Thomas, Craig W.},
   title = {Toward a Platinum Standard for Evidence-Based Assessment by 2020},
   journal = {Public Administration Review},
   volume = {70},
   number = {S1},
   pages = {S100-S106},
   ISSN = {00333352},
   DOI = {http://dx.doi.org/10.1111/j.1540-6210.2010.02251.x},
   url = {https://login.proxy.library.emory.edu/login?url=https://www.proquest.com/scholarly-journals/toward-platinum-standard-evidence-based/docview/853424398/se-2?accountid=10747
http://emory-primoprod.hosted.exlibrisgroup.com/openurl/01EMORY/01EMORY_services_page?url_ver=Z39.88-2004&rft_val_fmt=info:ofi/fmt:kev:mtx:journal&genre=article&sid=ProQ:ProQ%3Aabiglobal&atitle=Toward+a+Platinum+Standard+for+Evidence-Based+Assessment+by+2020&title=Public+Administration+Review&issn=00333352&date=2010-12-01&volume=70&issue=S1&spage=S100&au=Khagram%2C+Sanjeev%3BThomas%2C+Craig+W&isbn=&jtitle=Public+Administration+Review&btitle=&rft_id=info:eric/&rft_id=info:doi/10.1111%2Fj.1540-6210.2010.02251.x},
   year = {2010},
   type = {Journal Article}
}

@article{RN1700,
   author = {Kim, Jungin},
   title = {Strategic Human Resource Practices: Introducing Alternatives for Organizational Performance Improvement in the Public Sector},
   journal = {Public Administration Review},
   volume = {70},
   number = {1},
   pages = {38-49},
   ISSN = {00333352},
   url = {https://login.proxy.library.emory.edu/login?url=https://www.proquest.com/scholarly-journals/strategic-human-resource-practices-introducing/docview/853757613/se-2?accountid=10747
http://emory-primoprod.hosted.exlibrisgroup.com/openurl/01EMORY/01EMORY_services_page?url_ver=Z39.88-2004&rft_val_fmt=info:ofi/fmt:kev:mtx:journal&genre=article&sid=ProQ:ProQ%3Aabiglobal&atitle=Strategic+Human+Resource+Practices%3A+Introducing+Alternatives+for+Organizational+Performance+Improvement+in+the+Public+Sector&title=Public+Administration+Review&issn=00333352&date=2010-01-01&volume=70&issue=1&spage=38&au=Kim%2C+Jungin&isbn=&jtitle=Public+Administration+Review&btitle=&rft_id=info:eric/&rft_id=info:doi/},
   year = {2010},
   type = {Journal Article}
}

@article{RN1679,
   author = {Koliba, Christopher J. and Zia, Asim and Mills, Russell M.},
   title = {Accountability in Governance Networks: An Assessment of Public, Private, and Nonprofit Emergency Management Practices Following Hurricane Katrina},
   journal = {Public Administration Review},
   volume = {71},
   number = {2},
   pages = {210},
   ISSN = {00333352},
   url = {https://login.proxy.library.emory.edu/login?url=https://www.proquest.com/scholarly-journals/accountability-governance-networks-assessment/docview/940861621/se-2?accountid=10747
http://emory-primoprod.hosted.exlibrisgroup.com/openurl/01EMORY/01EMORY_services_page?url_ver=Z39.88-2004&rft_val_fmt=info:ofi/fmt:kev:mtx:journal&genre=article&sid=ProQ:ProQ%3Aabiglobal&atitle=Accountability+in+Governance+Networks%3A+An+Assessment+of+Public%2C+Private%2C+and+Nonprofit+Emergency+Management+Practices+Following+Hurricane+Katrina&title=Public+Administration+Review&issn=00333352&date=2011-03-01&volume=71&issue=2&spage=210&au=Koliba%2C+Christopher+J%3BZia%2C+Asim%3BMills%2C+Russell+M&isbn=&jtitle=Public+Administration+Review&btitle=&rft_id=info:eric/&rft_id=info:doi/},
   year = {2011},
   type = {Journal Article}
}

@article{RN1681,
   author = {Lee, Young-joo and Wilkins, Vicky M.},
   title = {More Similarities or More Differences? Comparing Public and Nonprofit Managers' Job Motivations},
   journal = {Public Administration Review},
   volume = {71},
   number = {1},
   pages = {45-56},
   ISSN = {00333352},
   DOI = {http://dx.doi.org/10.1111/j.1540-6210.2010.02305.x},
   url = {https://login.proxy.library.emory.edu/login?url=https://www.proquest.com/scholarly-journals/more-similarities-differences-comparing-public/docview/853426284/se-2?accountid=10747
http://emory-primoprod.hosted.exlibrisgroup.com/openurl/01EMORY/01EMORY_services_page?url_ver=Z39.88-2004&rft_val_fmt=info:ofi/fmt:kev:mtx:journal&genre=article&sid=ProQ:ProQ%3Aabiglobal&atitle=More+Similarities+or+More+Differences%3F+Comparing+Public+and+Nonprofit+Managers%27+Job+Motivations&title=Public+Administration+Review&issn=00333352&date=2011-01-01&volume=71&issue=1&spage=45&au=Lee%2C+Young-joo%3BWilkins%2C+Vicky+M&isbn=&jtitle=Public+Administration+Review&btitle=&rft_id=info:eric/&rft_id=info:doi/10.1111%2Fj.1540-6210.2010.02305.x},
   year = {2011},
   type = {Journal Article}
}

@article{RN1672,
   author = {Marwell, Nicole P. and Calabrese, Thad},
   title = {A Deficit Model of Collaborative Governance: Government-Nonprofit Fiscal Relations in the Provision of Child Welfare Services: J-PART},
   journal = {Journal of Public Administration Research and Theory},
   volume = {25},
   number = {4},
   pages = {1031},
   ISSN = {10531858},
   DOI = {http://dx.doi.org/10.1093/jopart/muu047},
   url = {https://login.proxy.library.emory.edu/login?url=https://www.proquest.com/scholarly-journals/deficit-model-collaborative-governance-government/docview/1716927374/se-2?accountid=10747
http://emory-primoprod.hosted.exlibrisgroup.com/openurl/01EMORY/01EMORY_services_page?url_ver=Z39.88-2004&rft_val_fmt=info:ofi/fmt:kev:mtx:journal&genre=article&sid=ProQ:ProQ%3Aabiglobal&atitle=A+Deficit+Model+of+Collaborative+Governance%3A+Government-Nonprofit+Fiscal+Relations+in+the+Provision+of+Child+Welfare+Services%3A+J-PART&title=Journal+of+Public+Administration+Research+and+Theory&issn=10531858&date=2015-10-01&volume=25&issue=4&spage=1031&au=Marwell%2C+Nicole+P%3BCalabrese%2C+Thad&isbn=&jtitle=Journal+of+Public+Administration+Research+and+Theory&btitle=&rft_id=info:eric/&rft_id=info:doi/10.1093%2Fjopart%2Fmuu047},
   year = {2015},
   type = {Journal Article}
}

@article{RN1689,
   author = {Mesch, Debra J.},
   title = {Management of Human Resources in 2020: The Outlook for Nonprofit Organizations},
   journal = {Public Administration Review},
   volume = {70},
   number = {S1},
   pages = {S173-S174},
   ISSN = {00333352},
   url = {https://login.proxy.library.emory.edu/login?url=https://www.proquest.com/scholarly-journals/management-human-resources-2020-outlook-nonprofit/docview/853424249/se-2?accountid=10747
http://emory-primoprod.hosted.exlibrisgroup.com/openurl/01EMORY/01EMORY_services_page?url_ver=Z39.88-2004&rft_val_fmt=info:ofi/fmt:kev:mtx:journal&genre=article&sid=ProQ:ProQ%3Aabiglobal&atitle=Management+of+Human+Resources+in+2020%3A+The+Outlook+for+Nonprofit+Organizations&title=Public+Administration+Review&issn=00333352&date=2010-12-01&volume=70&issue=S1&spage=S173&au=Mesch%2C+Debra+J&isbn=&jtitle=Public+Administration+Review&btitle=&rft_id=info:eric/&rft_id=info:doi/},
   year = {2010},
   type = {Journal Article}
}

@article{RN1683,
   author = {Nesbit, Rebecca and Reingold, David A.},
   title = {Soldiers to Citizens: The Link between Military Service and Volunteering},
   journal = {Public Administration Review},
   volume = {71},
   number = {1},
   pages = {67-76},
   ISSN = {00333352},
   url = {https://login.proxy.library.emory.edu/login?url=https://www.proquest.com/scholarly-journals/soldiers-citizens-link-between-military-service/docview/853414397/se-2?accountid=10747
http://emory-primoprod.hosted.exlibrisgroup.com/openurl/01EMORY/01EMORY_services_page?url_ver=Z39.88-2004&rft_val_fmt=info:ofi/fmt:kev:mtx:journal&genre=article&sid=ProQ:ProQ%3Aabiglobal&atitle=Soldiers+to+Citizens%3A+The+Link+between+Military+Service+and+Volunteering&title=Public+Administration+Review&issn=00333352&date=2011-01-01&volume=71&issue=1&spage=67&au=Nesbit%2C+Rebecca%3BReingold%2C+David+A&isbn=&jtitle=Public+Administration+Review&btitle=&rft_id=info:eric/&rft_id=info:doi/},
   year = {2011},
   type = {Journal Article}
}

@article{RN1686,
   author = {Poister, Theodore H.},
   title = {The Future of Strategic Planning in the Public Sector: Linking Strategic Management and Performance},
   journal = {Public Administration Review},
   volume = {70},
   number = {S1},
   pages = {S246-S254},
   ISSN = {00333352},
   DOI = {http://dx.doi.org/10.1111/j.1540-6210.2010.02284.x},
   url = {https://login.proxy.library.emory.edu/login?url=https://www.proquest.com/scholarly-journals/future-strategic-planning-public-sector-linking/docview/853425429/se-2?accountid=10747
http://emory-primoprod.hosted.exlibrisgroup.com/openurl/01EMORY/01EMORY_services_page?url_ver=Z39.88-2004&rft_val_fmt=info:ofi/fmt:kev:mtx:journal&genre=article&sid=ProQ:ProQ%3Aabiglobal&atitle=The+Future+of+Strategic+Planning+in+the+Public+Sector%3A+Linking+Strategic+Management+and+Performance&title=Public+Administration+Review&issn=00333352&date=2010-12-01&volume=70&issue=S1&spage=S246&au=Poister%2C+Theodore+H&isbn=&jtitle=Public+Administration+Review&btitle=&rft_id=info:eric/&rft_id=info:doi/10.1111%2Fj.1540-6210.2010.02284.x},
   year = {2010},
   type = {Journal Article}
}

@article{RN1675,
   author = {Rho, Eunju and Taesik, Yun and Lee, Kangbok},
   title = {Does Organizational Image Matter? Image, Identification, and Employee Behaviors in Public and Nonprofit Organizations},
   journal = {Public Administration Review},
   volume = {75},
   number = {3},
   pages = {421-431},
   ISSN = {00333352},
   url = {https://login.proxy.library.emory.edu/login?url=https://www.proquest.com/scholarly-journals/does-organizational-image-matter-identification/docview/1733610259/se-2?accountid=10747
http://emory-primoprod.hosted.exlibrisgroup.com/openurl/01EMORY/01EMORY_services_page?url_ver=Z39.88-2004&rft_val_fmt=info:ofi/fmt:kev:mtx:journal&genre=article&sid=ProQ:ProQ%3Aabiglobal&atitle=Does+Organizational+Image+Matter%3F+Image%2C+Identification%2C+and+Employee+Behaviors+in+Public+and+Nonprofit+Organizations&title=Public+Administration+Review&issn=00333352&date=2015-05-01&volume=75&issue=3&spage=421&au=Rho%2C+Eunju%3BTaesik+Yun%3BLee%2C+Kangbok&isbn=&jtitle=Public+Administration+Review&btitle=&rft_id=info:eric/&rft_id=info:doi/},
   year = {2015},
   type = {Journal Article}
}

@article{RN1690,
   author = {Roberts, Alasdair},
   title = {A Great and Revolutionary Law? The First Four Years of India's Right to Information Act},
   journal = {Public Administration Review},
   volume = {70},
   number = {6},
   pages = {925-933},
   ISSN = {00333352},
   url = {https://login.proxy.library.emory.edu/login?url=https://www.proquest.com/scholarly-journals/great-revolutionary-law-first-four-years-indias/docview/853334043/se-2?accountid=10747
http://emory-primoprod.hosted.exlibrisgroup.com/openurl/01EMORY/01EMORY_services_page?url_ver=Z39.88-2004&rft_val_fmt=info:ofi/fmt:kev:mtx:journal&genre=article&sid=ProQ:ProQ%3Aabiglobal&atitle=A+Great+and+Revolutionary+Law%3F+The+First+Four+Years+of+India%27s+Right+to+Information+Act&title=Public+Administration+Review&issn=00333352&date=2010-11-01&volume=70&issue=6&spage=925&au=Roberts%2C+Alasdair&isbn=&jtitle=Public+Administration+Review&btitle=&rft_id=info:eric/&rft_id=info:doi/},
   year = {2010},
   type = {Journal Article}
}

@article{RN1666,
   author = {Schomaker, Rahel M. and Bauer, Michael W.},
   title = {What Drives Successful Administrative Performance during Crises? Lessons from Refugee Migration and the Covid‐19 Pandemic},
   journal = {Public Administration Review},
   volume = {80},
   number = {5},
   pages = {845-850},
   ISSN = {00333352},
   DOI = {http://dx.doi.org/10.1111/puar.13280},
   url = {https://login.proxy.library.emory.edu/login?url=https://www.proquest.com/scholarly-journals/what-drives-successful-administrative-performance/docview/2446858436/se-2?accountid=10747
http://emory-primoprod.hosted.exlibrisgroup.com/openurl/01EMORY/01EMORY_services_page?url_ver=Z39.88-2004&rft_val_fmt=info:ofi/fmt:kev:mtx:journal&genre=article&sid=ProQ:ProQ%3Aabiglobal&atitle=What+Drives+Successful+Administrative+Performance+during+Crises%3F+Lessons+from+Refugee+Migration+and+the+Covid%E2%80%9019+Pandemic&title=Public+Administration+Review&issn=00333352&date=2020-09-01&volume=80&issue=5&spage=845&au=Schomaker%2C+Rahel+M%3BBauer%2C+Michael+W&isbn=&jtitle=Public+Administration+Review&btitle=&rft_id=info:eric/&rft_id=info:doi/10.1111%2Fpuar.13280},
   year = {2020},
   type = {Journal Article}
}

@article{RN1680,
   author = {Shea, Jennifer},
   title = {Taking Nonprofit Intermediaries Seriously: A Middle-Range Theory for Implementation Research},
   journal = {Public Administration Review},
   volume = {71},
   number = {1},
   pages = {57-66},
   ISSN = {00333352},
   DOI = {http://dx.doi.org/10.1111/j.1540-6210.2010.02306.x},
   url = {https://login.proxy.library.emory.edu/login?url=https://www.proquest.com/scholarly-journals/taking-nonprofit-intermediaries-seriously-middle/docview/853426499/se-2?accountid=10747
http://emory-primoprod.hosted.exlibrisgroup.com/openurl/01EMORY/01EMORY_services_page?url_ver=Z39.88-2004&rft_val_fmt=info:ofi/fmt:kev:mtx:journal&genre=article&sid=ProQ:ProQ%3Aabiglobal&atitle=Taking+Nonprofit+Intermediaries+Seriously%3A+A+Middle-Range+Theory+for+Implementation+Research&title=Public+Administration+Review&issn=00333352&date=2011-01-01&volume=71&issue=1&spage=57&au=Shea%2C+Jennifer&isbn=&jtitle=Public+Administration+Review&btitle=&rft_id=info:eric/&rft_id=info:doi/10.1111%2Fj.1540-6210.2010.02306.x},
   year = {2011},
   type = {Journal Article}
}

@article{RN1667,
   author = {Shi, Yu and Jang, Hee S. and Keyes, Laura and Dicke, Lisa},
   title = {Nonprofit Service Continuity and Responses in the Pandemic: Disruptions, Ambiguity, Innovation, and Challenges},
   journal = {Public Administration Review},
   volume = {80},
   number = {5},
   pages = {874-879},
   ISSN = {00333352},
   DOI = {http://dx.doi.org/10.1111/puar.13254},
   url = {https://login.proxy.library.emory.edu/login?url=https://www.proquest.com/scholarly-journals/nonprofit-service-continuity-responses-pandemic/docview/2446844540/se-2?accountid=10747
http://emory-primoprod.hosted.exlibrisgroup.com/openurl/01EMORY/01EMORY_services_page?url_ver=Z39.88-2004&rft_val_fmt=info:ofi/fmt:kev:mtx:journal&genre=article&sid=ProQ:ProQ%3Aabiglobal&atitle=Nonprofit+Service+Continuity+and+Responses+in+the+Pandemic%3A+Disruptions%2C+Ambiguity%2C+Innovation%2C+and+Challenges&title=Public+Administration+Review&issn=00333352&date=2020-09-01&volume=80&issue=5&spage=874&au=Shi%2C+Yu%3BJang%2C+Hee+S%3BKeyes%2C+Laura%3BDicke%2C+Lisa&isbn=&jtitle=Public+Administration+Review&btitle=&rft_id=info:eric/&rft_id=info:doi/10.1111%2Fpuar.13254},
   year = {2020},
   type = {Journal Article}
}

