@article{RN1930,
   author = {Amirkhanyan, Anna A.},
   title = {Monitoring across Sectors: Examining the Effect of Nonprofit and For-Profit Contractor Ownership on Performance Monitoring in State and Local Contracts},
   journal = {Public Administration Review},
   volume = {70},
   number = {5},
   pages = {742-755,666-667},
   ISSN = {00333352},
   url = {https://login.proxy.library.emory.edu/login?url=https://www.proquest.com/scholarly-journals/monitoring-across-sectors-examining-effect/docview/853403311/se-2?accountid=10747
http://emory-primoprod.hosted.exlibrisgroup.com/openurl/01EMORY/01EMORY_services_page?url_ver=Z39.88-2004&rft_val_fmt=info:ofi/fmt:kev:mtx:journal&genre=article&sid=ProQ:ProQ%3Aabiglobal&atitle=Monitoring+across+Sectors%3A+Examining+the+Effect+of+Nonprofit+and+For-Profit+Contractor+Ownership+on+Performance+Monitoring+in+State+and+Local+Contracts&title=Public+Administration+Review&issn=00333352&date=2010-09-01&volume=70&issue=5&spage=742&au=Amirkhanyan%2C+Anna+A&isbn=&jtitle=Public+Administration+Review&btitle=&rft_id=info:eric/&rft_id=info:doi/},
   year = {2010},
   type = {Journal Article}
}

@article{RN1935,
   author = {Andrews, Rhys and Entwistle, Tom},
   title = {Does Cross-Sectoral Partnership Deliver? An Empirical Exploration of Public Service Effectiveness, Efficiency, and Equity: J-PART},
   journal = {Journal of Public Administration Research and Theory},
   volume = {20},
   number = {3},
   pages = {679},
   ISSN = {10531858},
   DOI = {http://dx.doi.org/10.1093/jopart/mup045},
   url = {https://login.proxy.library.emory.edu/login?url=https://www.proquest.com/scholarly-journals/does-cross-sectoral-partnership-deliver-empirical/docview/580114958/se-2?accountid=10747
http://emory-primoprod.hosted.exlibrisgroup.com/openurl/01EMORY/01EMORY_services_page?url_ver=Z39.88-2004&rft_val_fmt=info:ofi/fmt:kev:mtx:journal&genre=article&sid=ProQ:ProQ%3Aabiglobal&atitle=Does+Cross-Sectoral+Partnership+Deliver%3F+An+Empirical+Exploration+of+Public+Service+Effectiveness%2C+Efficiency%2C+and+Equity%3A+J-PART&title=Journal+of+Public+Administration+Research+and+Theory&issn=10531858&date=2010-07-01&volume=20&issue=3&spage=679&au=Andrews%2C+Rhys%3BEntwistle%2C+Tom&isbn=&jtitle=Journal+of+Public+Administration+Research+and+Theory&btitle=&rft_id=info:eric/&rft_id=info:doi/10.1093%2Fjopart%2Fmup045},
   year = {2010},
   type = {Journal Article}
}

@article{RN1905,
   author = {Ashley, Shena R. and Van Slyke, David M.},
   title = {The Influence of Administrative Cost Ratios on State Government Grant Allocations to Nonprofits},
   journal = {Public Administration Review},
   volume = {72},
   ISSN = {00333352},
   DOI = {http://dx.doi.org/10.1111/j.1540-6210.2012.02666.x},
   url = {https://login.proxy.library.emory.edu/login?url=https://www.proquest.com/scholarly-journals/influence-administrative-cost-ratios-on-state/docview/1241603985/se-2?accountid=10747
http://emory-primoprod.hosted.exlibrisgroup.com/openurl/01EMORY/01EMORY_services_page?url_ver=Z39.88-2004&rft_val_fmt=info:ofi/fmt:kev:mtx:journal&genre=article&sid=ProQ:ProQ%3Aabiglobal&atitle=The+Influence+of+Administrative+Cost+Ratios+on+State+Government+Grant+Allocations+to+Nonprofits&title=Public+Administration+Review&issn=00333352&date=2012-11-01&volume=72&issue=&spage=S47&au=Ashley%2C+Shena+R%3BVan+Slyke%2C+David+M&isbn=&jtitle=Public+Administration+Review&btitle=&rft_id=info:eric/&rft_id=info:doi/10.1111%2Fj.1540-6210.2012.02666.x},
   year = {2012},
   type = {Journal Article}
}

@article{RN1900,
   author = {Bartels, Koen P. R. and Cozzi, Guido and Mantovan, Noemi},
   title = {"The Big Society," Public Expenditure, and Volunteering},
   journal = {Public Administration Review},
   volume = {73},
   number = {2},
   pages = {340},
   ISSN = {00333352},
   url = {https://login.proxy.library.emory.edu/login?url=https://www.proquest.com/scholarly-journals/big-society-public-expenditure-volunteering/docview/1328996517/se-2?accountid=10747
http://emory-primoprod.hosted.exlibrisgroup.com/openurl/01EMORY/01EMORY_services_page?url_ver=Z39.88-2004&rft_val_fmt=info:ofi/fmt:kev:mtx:journal&genre=article&sid=ProQ:ProQ%3Aabiglobal&atitle=%26quot%3BThe+Big+Society%2C%26quot%3B+Public+Expenditure%2C+and+Volunteering&title=Public+Administration+Review&issn=00333352&date=2013-03-01&volume=73&issue=2&spage=340&au=Bartels%2C+Koen+P+R%3BCozzi%2C+Guido%3BMantovan%2C+Noemi&isbn=&jtitle=Public+Administration+Review&btitle=&rft_id=info:eric/&rft_id=info:doi/},
   year = {2013},
   type = {Journal Article}
}

@article{RN1932,
   author = {Barth, Tom},
   title = {Crisis Management in the Catholic Church: Lessons for Public Administrators},
   journal = {Public Administration Review},
   volume = {70},
   number = {5},
   pages = {780-791},
   ISSN = {00333352},
   url = {https://login.proxy.library.emory.edu/login?url=https://www.proquest.com/scholarly-journals/crisis-management-catholic-church-lessons-public/docview/853334157/se-2?accountid=10747
http://emory-primoprod.hosted.exlibrisgroup.com/openurl/01EMORY/01EMORY_services_page?url_ver=Z39.88-2004&rft_val_fmt=info:ofi/fmt:kev:mtx:journal&genre=article&sid=ProQ:ProQ%3Aabiglobal&atitle=Crisis+Management+in+the+Catholic+Church%3A+Lessons+for+Public+Administrators&title=Public+Administration+Review&issn=00333352&date=2010-09-01&volume=70&issue=5&spage=780&au=Barth%2C+Tom&isbn=&jtitle=Public+Administration+Review&btitle=&rft_id=info:eric/&rft_id=info:doi/},
   year = {2010},
   type = {Journal Article}
}

@article{RN1940,
   author = {Boardman, Craig and Bozeman, Barry and Ponomariov, Branco},
   title = {Private Sector Imprinting: An Examination of the Impacts of Private Sector Job Experience on Public Managers' Work Attitudes},
   journal = {Public Administration Review},
   volume = {70},
   number = {1},
   pages = {50-59},
   ISSN = {00333352},
   url = {https://login.proxy.library.emory.edu/login?url=https://www.proquest.com/scholarly-journals/private-sector-imprinting-examination-impacts-job/docview/853757545/se-2?accountid=10747
http://emory-primoprod.hosted.exlibrisgroup.com/openurl/01EMORY/01EMORY_services_page?url_ver=Z39.88-2004&rft_val_fmt=info:ofi/fmt:kev:mtx:journal&genre=article&sid=ProQ:ProQ%3Aabiglobal&atitle=Private+Sector+Imprinting%3A+An+Examination+of+the+Impacts+of+Private+Sector+Job+Experience+on+Public+Managers%27+Work+Attitudes&title=Public+Administration+Review&issn=00333352&date=2010-01-01&volume=70&issue=1&spage=50&au=Boardman%2C+Craig%3BBozeman%2C+Barry%3BPonomariov%2C+Branco&isbn=&jtitle=Public+Administration+Review&btitle=&rft_id=info:eric/&rft_id=info:doi/},
   year = {2010},
   type = {Journal Article}
}

@article{RN1925,
   author = {Bryson, John M.},
   title = {The Future of Public and Nonprofit Strategic Planning in the United States},
   journal = {Public Administration Review},
   volume = {70},
   number = {S1},
   pages = {S255-S267},
   ISSN = {00333352},
   url = {https://login.proxy.library.emory.edu/login?url=https://www.proquest.com/scholarly-journals/future-public-nonprofit-strategic-planning-united/docview/853426263/se-2?accountid=10747
http://emory-primoprod.hosted.exlibrisgroup.com/openurl/01EMORY/01EMORY_services_page?url_ver=Z39.88-2004&rft_val_fmt=info:ofi/fmt:kev:mtx:journal&genre=article&sid=ProQ:ProQ%3Aabiglobal&atitle=The+Future+of+Public+and+Nonprofit+Strategic+Planning+in+the+United+States&title=Public+Administration+Review&issn=00333352&date=2010-12-01&volume=70&issue=S1&spage=S255&au=Bryson%2C+John+M&isbn=&jtitle=Public+Administration+Review&btitle=&rft_id=info:eric/&rft_id=info:doi/},
   year = {2010},
   type = {Journal Article}
}

@article{RN1913,
   author = {Calabrese, Thad D.},
   title = {Do Donors Penalize Nonprofit Organizations with Accumulated Wealth?},
   journal = {Public Administration Review},
   volume = {71},
   number = {6},
   pages = {859},
   ISSN = {00333352},
   DOI = {http://dx.doi.org/10.1111/j.1540-6210.2011.02420.x},
   url = {https://login.proxy.library.emory.edu/login?url=https://www.proquest.com/scholarly-journals/do-donors-penalize-nonprofit-organizations-with/docview/940863097/se-2?accountid=10747
http://emory-primoprod.hosted.exlibrisgroup.com/openurl/01EMORY/01EMORY_services_page?url_ver=Z39.88-2004&rft_val_fmt=info:ofi/fmt:kev:mtx:journal&genre=article&sid=ProQ:ProQ%3Aabiglobal&atitle=Do+Donors+Penalize+Nonprofit+Organizations+with+Accumulated+Wealth%3F&title=Public+Administration+Review&issn=00333352&date=2011-11-01&volume=71&issue=6&spage=859&au=Calabrese%2C+Thad+D&isbn=&jtitle=Public+Administration+Review&btitle=&rft_id=info:eric/&rft_id=info:doi/10.1111%2Fj.1540-6210.2011.02420.x},
   year = {2011},
   type = {Journal Article}
}

@article{RN1939,
   author = {Choi, Sungjoo and Rainey, Hal G.},
   title = {Managing Diversity in U.S. Federal Agencies: Effects of Diversity and Diversity Management on Employee Perceptions of Organizational Performance},
   journal = {Public Administration Review},
   volume = {70},
   number = {1},
   pages = {109-121},
   ISSN = {00333352},
   url = {https://login.proxy.library.emory.edu/login?url=https://www.proquest.com/scholarly-journals/managing-diversity-u-s-federal-agencies-effects/docview/853757555/se-2?accountid=10747
http://emory-primoprod.hosted.exlibrisgroup.com/openurl/01EMORY/01EMORY_services_page?url_ver=Z39.88-2004&rft_val_fmt=info:ofi/fmt:kev:mtx:journal&genre=article&sid=ProQ:ProQ%3Aabiglobal&atitle=Managing+Diversity+in+U.S.+Federal+Agencies%3A+Effects+of+Diversity+and+Diversity+Management+on+Employee+Perceptions+of+Organizational+Performance&title=Public+Administration+Review&issn=00333352&date=2010-01-01&volume=70&issue=1&spage=109&au=Choi%2C+Sungjoo%3BRainey%2C+Hal+G&isbn=&jtitle=Public+Administration+Review&btitle=&rft_id=info:eric/&rft_id=info:doi/},
   year = {2010},
   type = {Journal Article}
}

@article{RN1915,
   author = {Christensen, Robert K. and Wright, Bradley E.},
   title = {The Effects of Public Service Motivation on Job Choice Decisions: Disentangling the Contributions of Person-Organization Fit and Person-Job: J-PART},
   journal = {Journal of Public Administration Research and Theory},
   volume = {21},
   number = {4},
   pages = {723},
   ISSN = {10531858},
   url = {https://login.proxy.library.emory.edu/login?url=https://www.proquest.com/scholarly-journals/effects-public-service-motivation-on-job-choice/docview/899207420/se-2?accountid=10747
http://emory-primoprod.hosted.exlibrisgroup.com/openurl/01EMORY/01EMORY_services_page?url_ver=Z39.88-2004&rft_val_fmt=info:ofi/fmt:kev:mtx:journal&genre=article&sid=ProQ:ProQ%3Aabiglobal&atitle=The+Effects+of+Public+Service+Motivation+on+Job+Choice+Decisions%3A+Disentangling+the+Contributions+of+Person-Organization+Fit+and+Person-Job%3A+J-PART&title=Journal+of+Public+Administration+Research+and+Theory&issn=10531858&date=2011-10-01&volume=21&issue=4&spage=723&au=Christensen%2C+Robert+K%3BWright%2C+Bradley+E&isbn=&jtitle=Journal+of+Public+Administration+Research+and+Theory&btitle=&rft_id=info:eric/&rft_id=info:doi/},
   year = {2011},
   type = {Journal Article}
}

@article{RN1902,
   author = {Clerkin, Richard M. and Paarlberg, Laurie E. and Christensen, Robert K. and Nesbit, Rebecca A. and Tschirhart, Mary},
   title = {Place, Time, and Philanthropy: Exploring Geographic Mobility and Philanthropic Engagement},
   journal = {Public Administration Review},
   volume = {73},
   number = {1},
   pages = {97},
   ISSN = {00333352},
   url = {https://login.proxy.library.emory.edu/login?url=https://www.proquest.com/scholarly-journals/place-time-philanthropy-exploring-geographic/docview/1314821978/se-2?accountid=10747
http://emory-primoprod.hosted.exlibrisgroup.com/openurl/01EMORY/01EMORY_services_page?url_ver=Z39.88-2004&rft_val_fmt=info:ofi/fmt:kev:mtx:journal&genre=article&sid=ProQ:ProQ%3Aabiglobal&atitle=Place%2C+Time%2C+and+Philanthropy%3A+Exploring+Geographic+Mobility+and+Philanthropic+Engagement&title=Public+Administration+Review&issn=00333352&date=2013-01-01&volume=73&issue=1&spage=97&au=Clerkin%2C+Richard+M%3BPaarlberg%2C+Laurie+E%3BChristensen%2C+Robert+K%3BNesbit%2C+Rebecca+A%3BTschirhart%2C+Mary&isbn=&jtitle=Public+Administration+Review&btitle=&rft_id=info:eric/&rft_id=info:doi/},
   year = {2013},
   type = {Journal Article}
}

@article{RN1931,
   author = {Comfort, Louise K. and Birkland, Thomas A. and Cigler, Beverly A. and Nance, Earthea},
   title = {Retrospectives and Prospectives on Hurricane Katrina: Five Years and Counting},
   journal = {Public Administration Review},
   volume = {70},
   number = {5},
   pages = {669-678,665},
   ISSN = {00333352},
   DOI = {http://dx.doi.org/10.1111/j.1540-6210.2010.02194.x},
   url = {https://login.proxy.library.emory.edu/login?url=https://www.proquest.com/scholarly-journals/retrospectives-prospectives-on-hurricane-katrina/docview/853403255/se-2?accountid=10747
http://emory-primoprod.hosted.exlibrisgroup.com/openurl/01EMORY/01EMORY_services_page?url_ver=Z39.88-2004&rft_val_fmt=info:ofi/fmt:kev:mtx:journal&genre=article&sid=ProQ:ProQ%3Aabiglobal&atitle=Retrospectives+and+Prospectives+on+Hurricane+Katrina%3A+Five+Years+and+Counting&title=Public+Administration+Review&issn=00333352&date=2010-09-01&volume=70&issue=5&spage=669&au=Comfort%2C+Louise+K%3BBirkland%2C+Thomas+A%3BCigler%2C+Beverly+A%3BNance%2C+Earthea&isbn=&jtitle=Public+Administration+Review&btitle=&rft_id=info:eric/&rft_id=info:doi/10.1111%2Fj.1540-6210.2010.02194.x},
   year = {2010},
   type = {Journal Article}
}

@article{RN1888,
   author = {de Wit, Arjen and Bekkers, René},
   title = {Can Charitable Donations Compensate for a Reduction in Government Funding? The Role of Information},
   journal = {Public Administration Review},
   volume = {80},
   number = {2},
   pages = {294-304},
   ISSN = {00333352},
   DOI = {http://dx.doi.org/10.1111/puar.13154},
   url = {https://login.proxy.library.emory.edu/login?url=https://www.proquest.com/scholarly-journals/can-charitable-donations-compensate-reduction/docview/2364680268/se-2?accountid=10747
http://emory-primoprod.hosted.exlibrisgroup.com/openurl/01EMORY/01EMORY_services_page?url_ver=Z39.88-2004&rft_val_fmt=info:ofi/fmt:kev:mtx:journal&genre=article&sid=ProQ:ProQ%3Aabiglobal&atitle=Can+Charitable+Donations+Compensate+for+a+Reduction+in+Government+Funding%3F+The+Role+of+Information&title=Public+Administration+Review&issn=00333352&date=2020-03-01&volume=80&issue=2&spage=294&au=de+Wit%2C+Arjen%3BBekkers%2C+Ren%C3%A9&isbn=&jtitle=Public+Administration+Review&btitle=&rft_id=info:eric/&rft_id=info:doi/10.1111%2Fpuar.13154},
   year = {2020},
   type = {Journal Article}
}

@article{RN1910,
   author = {Donahue, Amy K. and O'Leary, Rosemary},
   title = {Do Shocks Change Organizations? The Case of NASA: J-PART},
   journal = {Journal of Public Administration Research and Theory},
   volume = {22},
   number = {3},
   pages = {395},
   ISSN = {10531858},
   DOI = {http://dx.doi.org/10.1093/jopart/mur034},
   url = {https://login.proxy.library.emory.edu/login?url=https://www.proquest.com/scholarly-journals/do-shocks-change-organizations-case-nasa/docview/1030116283/se-2?accountid=10747
http://emory-primoprod.hosted.exlibrisgroup.com/openurl/01EMORY/01EMORY_services_page?url_ver=Z39.88-2004&rft_val_fmt=info:ofi/fmt:kev:mtx:journal&genre=article&sid=ProQ:ProQ%3Aabiglobal&atitle=Do+Shocks+Change+Organizations%3F+The+Case+of+NASA%3A+J-PART&title=Journal+of+Public+Administration+Research+and+Theory&issn=10531858&date=2012-07-01&volume=22&issue=3&spage=395&au=Donahue%2C+Amy+K%3BO%27Leary%2C+Rosemary&isbn=&jtitle=Journal+of+Public+Administration+Research+and+Theory&btitle=&rft_id=info:eric/&rft_id=info:doi/10.1093%2Fjopart%2Fmur034},
   year = {2012},
   type = {Journal Article}
}

@article{RN1889,
   author = {Faulk, Lewis and Pandey, Sheela and Pandey, Sanjay K. and Kennedy, Kristen Scott},
   title = {Donors’ Responses to Profit Incentives in the Social Sector: The Entrepreneurial Orientation Reward and the Profit Penalty},
   journal = {Journal of Policy Analysis and Management},
   volume = {39},
   number = {1},
   pages = {218-242},
   ISSN = {02768739},
   DOI = {http://dx.doi.org/10.1002/pam.22179},
   url = {https://login.proxy.library.emory.edu/login?url=https://www.proquest.com/scholarly-journals/donors-responses-profit-incentives-social-sector/docview/2330500857/se-2?accountid=10747
http://emory-primoprod.hosted.exlibrisgroup.com/openurl/01EMORY/01EMORY_services_page?url_ver=Z39.88-2004&rft_val_fmt=info:ofi/fmt:kev:mtx:journal&genre=article&sid=ProQ:ProQ%3Aabiglobal&atitle=Donors%26rsquo%3B+Responses+to+Profit+Incentives+in+the+Social+Sector%3A+The+Entrepreneurial+Orientation+Reward+and+the+Profit+Penalty&title=Journal+of+Policy+Analysis+and+Management&issn=02768739&date=2020-01-01&volume=39&issue=1&spage=218&au=Faulk%2C+Lewis%3BPandey%2C+Sheela%3BPandey%2C+Sanjay+K%3BKennedy%2C+Kristen+Scott&isbn=&jtitle=Journal+of+Policy+Analysis+and+Management&btitle=&rft_id=info:eric/&rft_id=info:doi/10.1002%2Fpam.22179},
   year = {2020},
   type = {Journal Article}
}

@article{RN1929,
   author = {Feeney, Mary K. and Rainey, Hal G.},
   title = {Personnel Flexibility and Red Tape in Public and Nonprofit Organizations: Distinctions Due to Institutional and Political Accountability: J-PART},
   journal = {Journal of Public Administration Research and Theory},
   volume = {20},
   number = {4},
   pages = {801},
   ISSN = {10531858},
   DOI = {http://dx.doi.org/10.1093/jopart/mup027},
   url = {https://login.proxy.library.emory.edu/login?url=https://www.proquest.com/scholarly-journals/personnel-flexibility-red-tape-public-nonprofit/docview/755032577/se-2?accountid=10747
http://emory-primoprod.hosted.exlibrisgroup.com/openurl/01EMORY/01EMORY_services_page?url_ver=Z39.88-2004&rft_val_fmt=info:ofi/fmt:kev:mtx:journal&genre=article&sid=ProQ:ProQ%3Aabiglobal&atitle=Personnel+Flexibility+and+Red+Tape+in+Public+and+Nonprofit+Organizations%3A+Distinctions+Due+to+Institutional+and+Political+Accountability%3A+J-PART&title=Journal+of+Public+Administration+Research+and+Theory&issn=10531858&date=2010-10-01&volume=20&issue=4&spage=801&au=Feeney%2C+Mary+K%3BRainey%2C+Hal+G&isbn=&jtitle=Journal+of+Public+Administration+Research+and+Theory&btitle=&rft_id=info:eric/&rft_id=info:doi/10.1093%2Fjopart%2Fmup027},
   year = {2010},
   type = {Journal Article}
}

@article{RN1937,
   author = {Forrer, John and Kee, James Edwin and Newcomer, Kathryn E. and Boyer, Eric},
   title = {Public-Private Partnerships and the Public Accountability Question},
   journal = {Public Administration Review},
   volume = {70},
   number = {3},
   pages = {475-484,347},
   ISSN = {00333352},
   DOI = {http://dx.doi.org/10.1111/j.1540-6210.2010.02161.x},
   url = {https://login.proxy.library.emory.edu/login?url=https://www.proquest.com/scholarly-journals/public-private-partnerships-accountability/docview/853274318/se-2?accountid=10747
http://emory-primoprod.hosted.exlibrisgroup.com/openurl/01EMORY/01EMORY_services_page?url_ver=Z39.88-2004&rft_val_fmt=info:ofi/fmt:kev:mtx:journal&genre=article&sid=ProQ:ProQ%3Aabiglobal&atitle=Public-Private+Partnerships+and+the+Public+Accountability+Question&title=Public+Administration+Review&issn=00333352&date=2010-05-01&volume=70&issue=3&spage=475&au=Forrer%2C+John%3BKee%2C+James+Edwin%3BNewcomer%2C+Kathryn+E%3BBoyer%2C+Eric&isbn=&jtitle=Public+Administration+Review&btitle=&rft_id=info:eric/&rft_id=info:doi/10.1111%2Fj.1540-6210.2010.02161.x},
   year = {2010},
   type = {Journal Article}
}

@article{RN1917,
   author = {Garrow, Eve E.},
   title = {Receipt of Government Revenue among Nonprofit Human Service Organizations: J-PART},
   journal = {Journal of Public Administration Research and Theory},
   volume = {21},
   number = {3},
   pages = {445},
   ISSN = {10531858},
   DOI = {http://dx.doi.org/10.1093/jopart/muq074},
   url = {https://login.proxy.library.emory.edu/login?url=https://www.proquest.com/scholarly-journals/receipt-government-revenue-among-nonprofit-human/docview/880771679/se-2?accountid=10747
http://emory-primoprod.hosted.exlibrisgroup.com/openurl/01EMORY/01EMORY_services_page?url_ver=Z39.88-2004&rft_val_fmt=info:ofi/fmt:kev:mtx:journal&genre=article&sid=ProQ:ProQ%3Aabiglobal&atitle=Receipt+of+Government+Revenue+among+Nonprofit+Human+Service+Organizations%3A+J-PART&title=Journal+of+Public+Administration+Research+and+Theory&issn=10531858&date=2011-07-01&volume=21&issue=3&spage=445&au=Garrow%2C+Eve+E&isbn=&jtitle=Journal+of+Public+Administration+Research+and+Theory&btitle=&rft_id=info:eric/&rft_id=info:doi/10.1093%2Fjopart%2Fmuq074},
   year = {2011},
   type = {Journal Article}
}

@article{RN1896,
   author = {Garrow, Eve E.},
   title = {Does Race Matter in Government Funding of Nonprofit Human Service Organizations? The Interaction of Neighborhood Poverty and Race: J-PART},
   journal = {Journal of Public Administration Research and Theory},
   volume = {24},
   number = {2},
   pages = {381},
   ISSN = {10531858},
   DOI = {http://dx.doi.org/10.1093/jopart/mus061},
   url = {https://login.proxy.library.emory.edu/login?url=https://www.proquest.com/scholarly-journals/does-race-matter-government-funding-nonprofit/docview/1514810604/se-2?accountid=10747
http://emory-primoprod.hosted.exlibrisgroup.com/openurl/01EMORY/01EMORY_services_page?url_ver=Z39.88-2004&rft_val_fmt=info:ofi/fmt:kev:mtx:journal&genre=article&sid=ProQ:ProQ%3Aabiglobal&atitle=Does+Race+Matter+in+Government+Funding+of+Nonprofit+Human+Service+Organizations%3F+The+Interaction+of+Neighborhood+Poverty+and+Race%3A+J-PART&title=Journal+of+Public+Administration+Research+and+Theory&issn=10531858&date=2014-04-01&volume=24&issue=2&spage=381&au=Garrow%2C+Eve+E&isbn=&jtitle=Journal+of+Public+Administration+Research+and+Theory&btitle=&rft_id=info:eric/&rft_id=info:doi/10.1093%2Fjopart%2Fmus061},
   year = {2014},
   type = {Journal Article}
}

@article{RN1933,
   author = {Gazley, Beth and Chang, Won Kyung and Bingham, Lisa Blomgren},
   title = {Board Diversity, Stakeholder Representation, and Collaborative Performance in Community Mediation Centers},
   journal = {Public Administration Review},
   volume = {70},
   number = {4},
   pages = {610-620,523},
   ISSN = {00333352},
   url = {https://login.proxy.library.emory.edu/login?url=https://www.proquest.com/scholarly-journals/board-diversity-stakeholder-representation/docview/853147587/se-2?accountid=10747
http://emory-primoprod.hosted.exlibrisgroup.com/openurl/01EMORY/01EMORY_services_page?url_ver=Z39.88-2004&rft_val_fmt=info:ofi/fmt:kev:mtx:journal&genre=article&sid=ProQ:ProQ%3Aabiglobal&atitle=Board+Diversity%2C+Stakeholder+Representation%2C+and+Collaborative+Performance+in+Community+Mediation+Centers&title=Public+Administration+Review&issn=00333352&date=2010-07-01&volume=70&issue=4&spage=610&au=Gazley%2C+Beth%3BChang%2C+Won+Kyung%3BBingham%2C+Lisa+Blomgren&isbn=&jtitle=Public+Administration+Review&btitle=&rft_id=info:eric/&rft_id=info:doi/},
   year = {2010},
   type = {Journal Article}
}

@article{RN1897,
   author = {Girth, Amanda M.},
   title = {A Closer Look at Contract Accountability: Exploring the Determinants of Sanctions for Unsatisfactory Contract Performance: J-PART},
   journal = {Journal of Public Administration Research and Theory},
   volume = {24},
   number = {2},
   pages = {317},
   ISSN = {10531858},
   DOI = {http://dx.doi.org/10.1093/jopart/mus033},
   url = {https://login.proxy.library.emory.edu/login?url=https://www.proquest.com/scholarly-journals/closer-look-at-contract-accountability-exploring/docview/1514810118/se-2?accountid=10747
http://emory-primoprod.hosted.exlibrisgroup.com/openurl/01EMORY/01EMORY_services_page?url_ver=Z39.88-2004&rft_val_fmt=info:ofi/fmt:kev:mtx:journal&genre=article&sid=ProQ:ProQ%3Aabiglobal&atitle=A+Closer+Look+at+Contract+Accountability%3A+Exploring+the+Determinants+of+Sanctions+for+Unsatisfactory+Contract+Performance%3A+J-PART&title=Journal+of+Public+Administration+Research+and+Theory&issn=10531858&date=2014-04-01&volume=24&issue=2&spage=317&au=Girth%2C+Amanda+M&isbn=&jtitle=Journal+of+Public+Administration+Research+and+Theory&btitle=&rft_id=info:eric/&rft_id=info:doi/10.1093%2Fjopart%2Fmus033},
   year = {2014},
   type = {Journal Article}
}

@article{RN1893,
   author = {Grant, Laura E. and Potoski, Matthew},
   title = {Collective Reputations Affect Donations to Nonprofits},
   journal = {Journal of Policy Analysis and Management},
   volume = {34},
   number = {4},
   pages = {835},
   ISSN = {02768739},
   DOI = {http://dx.doi.org/10.1002/pam.21868},
   url = {https://login.proxy.library.emory.edu/login?url=https://www.proquest.com/scholarly-journals/collective-reputations-affect-donations/docview/1717523542/se-2?accountid=10747
http://emory-primoprod.hosted.exlibrisgroup.com/openurl/01EMORY/01EMORY_services_page?url_ver=Z39.88-2004&rft_val_fmt=info:ofi/fmt:kev:mtx:journal&genre=article&sid=ProQ:ProQ%3Aabiglobal&atitle=Collective+Reputations+Affect+Donations+to+Nonprofits&title=Journal+of+Policy+Analysis+and+Management&issn=02768739&date=2015-10-01&volume=34&issue=4&spage=835&au=Grant%2C+Laura+E%3BPotoski%2C+Matthew&isbn=&jtitle=Journal+of+Policy+Analysis+and+Management&btitle=&rft_id=info:eric/&rft_id=info:doi/10.1002%2Fpam.21868},
   year = {2015},
   type = {Journal Article}
}

@article{RN1934,
   author = {Handley, Donna Milam and Howell-Moroney, Michael},
   title = {Ordering Stakeholder Relationships and Citizen Participation: Evidence from the Community Development Block Grant Program},
   journal = {Public Administration Review},
   volume = {70},
   number = {4},
   pages = {601-609,523},
   ISSN = {00333352},
   url = {https://login.proxy.library.emory.edu/login?url=https://www.proquest.com/scholarly-journals/ordering-stakeholder-relationships-citizen/docview/853147548/se-2?accountid=10747
http://emory-primoprod.hosted.exlibrisgroup.com/openurl/01EMORY/01EMORY_services_page?url_ver=Z39.88-2004&rft_val_fmt=info:ofi/fmt:kev:mtx:journal&genre=article&sid=ProQ:ProQ%3Aabiglobal&atitle=Ordering+Stakeholder+Relationships+and+Citizen+Participation%3A+Evidence+from+the+Community+Development+Block+Grant+Program&title=Public+Administration+Review&issn=00333352&date=2010-07-01&volume=70&issue=4&spage=601&au=Handley%2C+Donna+Milam%3BHowell-Moroney%2C+Michael&isbn=&jtitle=Public+Administration+Review&btitle=&rft_id=info:eric/&rft_id=info:doi/},
   year = {2010},
   type = {Journal Article}
}

@article{RN1912,
   author = {Hefetz, Amir and Warner, Mildred E.},
   title = {Contracting or Public Delivery? The Importance of Service, Market, and Management Characteristics: J-PART},
   journal = {Journal of Public Administration Research and Theory},
   volume = {22},
   number = {2},
   pages = {289},
   ISSN = {10531858},
   DOI = {http://dx.doi.org/10.1093/jopart/mur006},
   url = {https://login.proxy.library.emory.edu/login?url=https://www.proquest.com/scholarly-journals/contracting-public-delivery-importance-service/docview/963519798/se-2?accountid=10747
http://emory-primoprod.hosted.exlibrisgroup.com/openurl/01EMORY/01EMORY_services_page?url_ver=Z39.88-2004&rft_val_fmt=info:ofi/fmt:kev:mtx:journal&genre=article&sid=ProQ:ProQ%3Aabiglobal&atitle=Contracting+or+Public+Delivery%3F+The+Importance+of+Service%2C+Market%2C+and+Management+Characteristics%3A+J-PART&title=Journal+of+Public+Administration+Research+and+Theory&issn=10531858&date=2012-04-01&volume=22&issue=2&spage=289&au=Hefetz%2C+Amir%3BWarner%2C+Mildred+E&isbn=&jtitle=Journal+of+Public+Administration+Research+and+Theory&btitle=&rft_id=info:eric/&rft_id=info:doi/10.1093%2Fjopart%2Fmur006},
   year = {2012},
   type = {Journal Article}
}

@article{RN1922,
   author = {Jaskyte, Kristina},
   title = {Predictors of Administrative and Technological Innovations in Nonprofit Organizations},
   journal = {Public Administration Review},
   volume = {71},
   number = {1},
   pages = {77-86},
   ISSN = {00333352},
   DOI = {http://dx.doi.org/10.1111/j.1540-6210.2010.02308.x},
   url = {https://login.proxy.library.emory.edu/login?url=https://www.proquest.com/scholarly-journals/predictors-administrative-technological/docview/853414486/se-2?accountid=10747
http://emory-primoprod.hosted.exlibrisgroup.com/openurl/01EMORY/01EMORY_services_page?url_ver=Z39.88-2004&rft_val_fmt=info:ofi/fmt:kev:mtx:journal&genre=article&sid=ProQ:ProQ%3Aabiglobal&atitle=Predictors+of+Administrative+and+Technological+Innovations+in+Nonprofit+Organizations&title=Public+Administration+Review&issn=00333352&date=2011-01-01&volume=71&issue=1&spage=77&au=Jaskyte%2C+Kristina&isbn=&jtitle=Public+Administration+Review&btitle=&rft_id=info:eric/&rft_id=info:doi/10.1111%2Fj.1540-6210.2010.02308.x},
   year = {2011},
   type = {Journal Article}
}

@article{RN1890,
   author = {Joannie, Tremblay‐Boire and Prakash, Aseem},
   title = {Biased Altruism: Islamophobia and Donor Support for Global Humanitarian Organizations},
   journal = {Public Administration Review},
   volume = {79},
   number = {1},
   pages = {113},
   ISSN = {00333352},
   DOI = {http://dx.doi.org/10.1111/puar.13012},
   url = {https://login.proxy.library.emory.edu/login?url=https://www.proquest.com/scholarly-journals/biased-altruism-islamophobia-donor-support-global/docview/2160779919/se-2?accountid=10747
http://emory-primoprod.hosted.exlibrisgroup.com/openurl/01EMORY/01EMORY_services_page?url_ver=Z39.88-2004&rft_val_fmt=info:ofi/fmt:kev:mtx:journal&genre=article&sid=ProQ:ProQ%3Aabiglobal&atitle=Biased+Altruism%3A+Islamophobia+and+Donor+Support+for+Global+Humanitarian+Organizations&title=Public+Administration+Review&issn=00333352&date=2019-01-01&volume=79&issue=1&spage=113&au=Joannie+Tremblay%E2%80%90Boire%3BPrakash%2C+Aseem&isbn=&jtitle=Public+Administration+Review&btitle=&rft_id=info:eric/&rft_id=info:doi/10.1111%2Fpuar.13012},
   year = {2019},
   type = {Journal Article}
}

@article{RN1901,
   author = {Johansen, Morgen and LeRoux, Kelly},
   title = {Managerial Networking in Nonprofit Organizations: The Impact of Networking on Organizational and Advocacy Effectiveness},
   journal = {Public Administration Review},
   volume = {73},
   number = {2},
   pages = {355},
   ISSN = {00333352},
   url = {https://login.proxy.library.emory.edu/login?url=https://www.proquest.com/scholarly-journals/managerial-networking-nonprofit-organizations/docview/1328996111/se-2?accountid=10747
http://emory-primoprod.hosted.exlibrisgroup.com/openurl/01EMORY/01EMORY_services_page?url_ver=Z39.88-2004&rft_val_fmt=info:ofi/fmt:kev:mtx:journal&genre=article&sid=ProQ:ProQ%3Aabiglobal&atitle=Managerial+Networking+in+Nonprofit+Organizations%3A+The+Impact+of+Networking+on+Organizational+and+Advocacy+Effectiveness&title=Public+Administration+Review&issn=00333352&date=2013-03-01&volume=73&issue=2&spage=355&au=Johansen%2C+Morgen%3BLeRoux%2C+Kelly&isbn=&jtitle=Public+Administration+Review&btitle=&rft_id=info:eric/&rft_id=info:doi/},
   year = {2013},
   type = {Journal Article}
}

@article{RN1898,
   author = {Johansen, Morgen and Zhu, Ling},
   title = {Market Competition, Political Constraint, and Managerial Practice in Public, Nonprofit, and Private American Hospitals: J-PART},
   journal = {Journal of Public Administration Research and Theory},
   volume = {24},
   number = {1},
   pages = {159},
   ISSN = {10531858},
   DOI = {http://dx.doi.org/10.1093/jopart/mut029},
   url = {https://login.proxy.library.emory.edu/login?url=https://www.proquest.com/scholarly-journals/market-competition-political-constraint/docview/1470408078/se-2?accountid=10747
http://emory-primoprod.hosted.exlibrisgroup.com/openurl/01EMORY/01EMORY_services_page?url_ver=Z39.88-2004&rft_val_fmt=info:ofi/fmt:kev:mtx:journal&genre=article&sid=ProQ:ProQ%3Aabiglobal&atitle=Market+Competition%2C+Political+Constraint%2C+and+Managerial+Practice+in+Public%2C+Nonprofit%2C+and+Private+American+Hospitals%3A+J-PART&title=Journal+of+Public+Administration+Research+and+Theory&issn=10531858&date=2014-01-01&volume=24&issue=1&spage=159&au=Johansen%2C+Morgen%3BZhu%2C+Ling&isbn=&jtitle=Journal+of+Public+Administration+Research+and+Theory&btitle=&rft_id=info:eric/&rft_id=info:doi/10.1093%2Fjopart%2Fmut029},
   year = {2014},
   type = {Journal Article}
}

@article{RN1916,
   author = {Kearney, Richard C.},
   title = {Randi Weingarten, the American Federation of Teachers, and the Challenges of Policy Leadership in a Hostile Environment},
   journal = {Public Administration Review},
   volume = {71},
   number = {5},
   pages = {772},
   ISSN = {00333352},
   DOI = {http://dx.doi.org/10.1111/j.1540-6210.2011.02418.x},
   url = {https://login.proxy.library.emory.edu/login?url=https://www.proquest.com/scholarly-journals/randi-weingarten-american-federation-teachers/docview/940861625/se-2?accountid=10747
http://emory-primoprod.hosted.exlibrisgroup.com/openurl/01EMORY/01EMORY_services_page?url_ver=Z39.88-2004&rft_val_fmt=info:ofi/fmt:kev:mtx:journal&genre=article&sid=ProQ:ProQ%3Aabiglobal&atitle=Randi+Weingarten%2C+the+American+Federation+of+Teachers%2C+and+the+Challenges+of+Policy+Leadership+in+a+Hostile+Environment&title=Public+Administration+Review&issn=00333352&date=2011-09-01&volume=71&issue=5&spage=772&au=Kearney%2C+Richard+C&isbn=&jtitle=Public+Administration+Review&btitle=&rft_id=info:eric/&rft_id=info:doi/10.1111%2Fj.1540-6210.2011.02418.x},
   year = {2011},
   type = {Journal Article}
}

@article{RN1926,
   author = {Khagram, Sanjeev and Thomas, Craig W.},
   title = {Toward a Platinum Standard for Evidence-Based Assessment by 2020},
   journal = {Public Administration Review},
   volume = {70},
   number = {S1},
   pages = {S100-S106},
   ISSN = {00333352},
   DOI = {http://dx.doi.org/10.1111/j.1540-6210.2010.02251.x},
   url = {https://login.proxy.library.emory.edu/login?url=https://www.proquest.com/scholarly-journals/toward-platinum-standard-evidence-based/docview/853424398/se-2?accountid=10747
http://emory-primoprod.hosted.exlibrisgroup.com/openurl/01EMORY/01EMORY_services_page?url_ver=Z39.88-2004&rft_val_fmt=info:ofi/fmt:kev:mtx:journal&genre=article&sid=ProQ:ProQ%3Aabiglobal&atitle=Toward+a+Platinum+Standard+for+Evidence-Based+Assessment+by+2020&title=Public+Administration+Review&issn=00333352&date=2010-12-01&volume=70&issue=S1&spage=S100&au=Khagram%2C+Sanjeev%3BThomas%2C+Craig+W&isbn=&jtitle=Public+Administration+Review&btitle=&rft_id=info:eric/&rft_id=info:doi/10.1111%2Fj.1540-6210.2010.02251.x},
   year = {2010},
   type = {Journal Article}
}

@article{RN1938,
   author = {Kim, Jungin},
   title = {Strategic Human Resource Practices: Introducing Alternatives for Organizational Performance Improvement in the Public Sector},
   journal = {Public Administration Review},
   volume = {70},
   number = {1},
   pages = {38-49},
   ISSN = {00333352},
   url = {https://login.proxy.library.emory.edu/login?url=https://www.proquest.com/scholarly-journals/strategic-human-resource-practices-introducing/docview/853757613/se-2?accountid=10747
http://emory-primoprod.hosted.exlibrisgroup.com/openurl/01EMORY/01EMORY_services_page?url_ver=Z39.88-2004&rft_val_fmt=info:ofi/fmt:kev:mtx:journal&genre=article&sid=ProQ:ProQ%3Aabiglobal&atitle=Strategic+Human+Resource+Practices%3A+Introducing+Alternatives+for+Organizational+Performance+Improvement+in+the+Public+Sector&title=Public+Administration+Review&issn=00333352&date=2010-01-01&volume=70&issue=1&spage=38&au=Kim%2C+Jungin&isbn=&jtitle=Public+Administration+Review&btitle=&rft_id=info:eric/&rft_id=info:doi/},
   year = {2010},
   type = {Journal Article}
}

@article{RN1919,
   author = {Koliba, Christopher J. and Zia, Asim and Mills, Russell M.},
   title = {Accountability in Governance Networks: An Assessment of Public, Private, and Nonprofit Emergency Management Practices Following Hurricane Katrina},
   journal = {Public Administration Review},
   volume = {71},
   number = {2},
   pages = {210},
   ISSN = {00333352},
   url = {https://login.proxy.library.emory.edu/login?url=https://www.proquest.com/scholarly-journals/accountability-governance-networks-assessment/docview/940861621/se-2?accountid=10747
http://emory-primoprod.hosted.exlibrisgroup.com/openurl/01EMORY/01EMORY_services_page?url_ver=Z39.88-2004&rft_val_fmt=info:ofi/fmt:kev:mtx:journal&genre=article&sid=ProQ:ProQ%3Aabiglobal&atitle=Accountability+in+Governance+Networks%3A+An+Assessment+of+Public%2C+Private%2C+and+Nonprofit+Emergency+Management+Practices+Following+Hurricane+Katrina&title=Public+Administration+Review&issn=00333352&date=2011-03-01&volume=71&issue=2&spage=210&au=Koliba%2C+Christopher+J%3BZia%2C+Asim%3BMills%2C+Russell+M&isbn=&jtitle=Public+Administration+Review&btitle=&rft_id=info:eric/&rft_id=info:doi/},
   year = {2011},
   type = {Journal Article}
}

@article{RN1904,
   author = {Lecy, Jesse D. and Van Slyke, David M.},
   title = {Nonprofit Sector Growth and Density: Testing Theories of Government Support: J-PART},
   journal = {Journal of Public Administration Research and Theory},
   volume = {23},
   number = {1},
   pages = {189},
   ISSN = {10531858},
   DOI = {http://dx.doi.org/10.1093/jopart/mus010},
   url = {https://login.proxy.library.emory.edu/login?url=https://www.proquest.com/scholarly-journals/nonprofit-sector-growth-density-testing-theories/docview/1239828712/se-2?accountid=10747
http://emory-primoprod.hosted.exlibrisgroup.com/openurl/01EMORY/01EMORY_services_page?url_ver=Z39.88-2004&rft_val_fmt=info:ofi/fmt:kev:mtx:journal&genre=article&sid=ProQ:ProQ%3Aabiglobal&atitle=Nonprofit+Sector+Growth+and+Density%3A+Testing+Theories+of+Government+Support%3A+J-PART&title=Journal+of+Public+Administration+Research+and+Theory&issn=10531858&date=2013-01-01&volume=23&issue=1&spage=189&au=Lecy%2C+Jesse+D%3BVan+Slyke%2C+David+M&isbn=&jtitle=Journal+of+Public+Administration+Research+and+Theory&btitle=&rft_id=info:eric/&rft_id=info:doi/10.1093%2Fjopart%2Fmus010},
   year = {2013},
   type = {Journal Article}
}

@article{RN1921,
   author = {Lee, Young-joo and Wilkins, Vicky M.},
   title = {More Similarities or More Differences? Comparing Public and Nonprofit Managers' Job Motivations},
   journal = {Public Administration Review},
   volume = {71},
   number = {1},
   pages = {45-56},
   ISSN = {00333352},
   DOI = {http://dx.doi.org/10.1111/j.1540-6210.2010.02305.x},
   url = {https://login.proxy.library.emory.edu/login?url=https://www.proquest.com/scholarly-journals/more-similarities-differences-comparing-public/docview/853426284/se-2?accountid=10747
http://emory-primoprod.hosted.exlibrisgroup.com/openurl/01EMORY/01EMORY_services_page?url_ver=Z39.88-2004&rft_val_fmt=info:ofi/fmt:kev:mtx:journal&genre=article&sid=ProQ:ProQ%3Aabiglobal&atitle=More+Similarities+or+More+Differences%3F+Comparing+Public+and+Nonprofit+Managers%27+Job+Motivations&title=Public+Administration+Review&issn=00333352&date=2011-01-01&volume=71&issue=1&spage=45&au=Lee%2C+Young-joo%3BWilkins%2C+Vicky+M&isbn=&jtitle=Public+Administration+Review&btitle=&rft_id=info:eric/&rft_id=info:doi/10.1111%2Fj.1540-6210.2010.02305.x},
   year = {2011},
   type = {Journal Article}
}

@article{RN1894,
   author = {Marwell, Nicole P. and Calabrese, Thad},
   title = {A Deficit Model of Collaborative Governance: Government-Nonprofit Fiscal Relations in the Provision of Child Welfare Services: J-PART},
   journal = {Journal of Public Administration Research and Theory},
   volume = {25},
   number = {4},
   pages = {1031},
   ISSN = {10531858},
   DOI = {http://dx.doi.org/10.1093/jopart/muu047},
   url = {https://login.proxy.library.emory.edu/login?url=https://www.proquest.com/scholarly-journals/deficit-model-collaborative-governance-government/docview/1716927374/se-2?accountid=10747
http://emory-primoprod.hosted.exlibrisgroup.com/openurl/01EMORY/01EMORY_services_page?url_ver=Z39.88-2004&rft_val_fmt=info:ofi/fmt:kev:mtx:journal&genre=article&sid=ProQ:ProQ%3Aabiglobal&atitle=A+Deficit+Model+of+Collaborative+Governance%3A+Government-Nonprofit+Fiscal+Relations+in+the+Provision+of+Child+Welfare+Services%3A+J-PART&title=Journal+of+Public+Administration+Research+and+Theory&issn=10531858&date=2015-10-01&volume=25&issue=4&spage=1031&au=Marwell%2C+Nicole+P%3BCalabrese%2C+Thad&isbn=&jtitle=Journal+of+Public+Administration+Research+and+Theory&btitle=&rft_id=info:eric/&rft_id=info:doi/10.1093%2Fjopart%2Fmuu047},
   year = {2015},
   type = {Journal Article}
}

@article{RN1914,
   author = {McBride, Amanda Moore and Gonzales, Ernest and Morrow-Howell, Nancy and McCrary, Stacey},
   title = {Stipends in Volunteer Civic Service: Inclusion, Retention, and Volunteer Benefits},
   journal = {Public Administration Review},
   volume = {71},
   number = {6},
   pages = {850},
   ISSN = {00333352},
   url = {https://login.proxy.library.emory.edu/login?url=https://www.proquest.com/scholarly-journals/stipends-volunteer-civic-service-inclusion/docview/940862774/se-2?accountid=10747
http://emory-primoprod.hosted.exlibrisgroup.com/openurl/01EMORY/01EMORY_services_page?url_ver=Z39.88-2004&rft_val_fmt=info:ofi/fmt:kev:mtx:journal&genre=article&sid=ProQ:ProQ%3Aabiglobal&atitle=Stipends+in+Volunteer+Civic+Service%3A+Inclusion%2C+Retention%2C+and+Volunteer+Benefits&title=Public+Administration+Review&issn=00333352&date=2011-11-01&volume=71&issue=6&spage=850&au=McBride%2C+Amanda+Moore%3BGonzales%2C+Ernest%3BMorrow-Howell%2C+Nancy%3BMcCrary%2C+Stacey&isbn=&jtitle=Public+Administration+Review&btitle=&rft_id=info:eric/&rft_id=info:doi/},
   year = {2011},
   type = {Journal Article}
}

@article{RN1936,
   author = {Meltzer, Rachel and Schuetz, Jenny},
   title = {What drives the diffusion of inclusionary zoning?},
   journal = {Journal of Policy Analysis and Management},
   volume = {29},
   number = {3},
   pages = {578},
   ISSN = {02768739},
   DOI = {http://dx.doi.org/10.1002/pam.20510},
   url = {https://login.proxy.library.emory.edu/login?url=https://www.proquest.com/scholarly-journals/what-drives-diffusion-inclusionary-zoning/docview/523051754/se-2?accountid=10747
http://emory-primoprod.hosted.exlibrisgroup.com/openurl/01EMORY/01EMORY_services_page?url_ver=Z39.88-2004&rft_val_fmt=info:ofi/fmt:kev:mtx:journal&genre=article&sid=ProQ:ProQ%3Aabiglobal&atitle=What+drives+the+diffusion+of+inclusionary+zoning%3F&title=Journal+of+Policy+Analysis+and+Management&issn=02768739&date=2010-07-01&volume=29&issue=3&spage=578&au=Meltzer%2C+Rachel%3BSchuetz%2C+Jenny&isbn=&jtitle=Journal+of+Policy+Analysis+and+Management&btitle=&rft_id=info:eric/&rft_id=info:doi/10.1002%2Fpam.20510},
   year = {2010},
   type = {Journal Article}
}

@article{RN1906,
   author = {Mosley, Jennifer E.},
   title = {Keeping the Lights On: How Government Funding Concerns Drive the Advocacy Agendas of Nonprofit Homeless Service Providers: J-PART},
   journal = {Journal of Public Administration Research and Theory},
   volume = {22},
   number = {4},
   pages = {841},
   ISSN = {10531858},
   url = {https://login.proxy.library.emory.edu/login?url=https://www.proquest.com/scholarly-journals/keeping-lights-on-how-government-funding-concerns/docview/1081330219/se-2?accountid=10747
http://emory-primoprod.hosted.exlibrisgroup.com/openurl/01EMORY/01EMORY_services_page?url_ver=Z39.88-2004&rft_val_fmt=info:ofi/fmt:kev:mtx:journal&genre=article&sid=ProQ:ProQ%3Aabiglobal&atitle=Keeping+the+Lights+On%3A+How+Government+Funding+Concerns+Drive+the+Advocacy+Agendas+of+Nonprofit+Homeless+Service+Providers%3A+J-PART&title=Journal+of+Public+Administration+Research+and+Theory&issn=10531858&date=2012-10-01&volume=22&issue=4&spage=841&au=Mosley%2C+Jennifer+E&isbn=&jtitle=Journal+of+Public+Administration+Research+and+Theory&btitle=&rft_id=info:eric/&rft_id=info:doi/},
   year = {2012},
   type = {Journal Article}
}

@article{RN1899,
   author = {Mosley, Jennifer E. and Grogan, Colleen M.},
   title = {Representation in Nonelected Participatory Processes: How Residents Understand the Role of Nonprofit Community-based Organizations: J-PART},
   journal = {Journal of Public Administration Research and Theory},
   volume = {23},
   number = {4},
   pages = {839},
   ISSN = {10531858},
   DOI = {http://dx.doi.org/10.1093/jopart/mus043},
   url = {https://login.proxy.library.emory.edu/login?url=https://www.proquest.com/scholarly-journals/representation-nonelected-participatory-processes/docview/1437625425/se-2?accountid=10747
http://emory-primoprod.hosted.exlibrisgroup.com/openurl/01EMORY/01EMORY_services_page?url_ver=Z39.88-2004&rft_val_fmt=info:ofi/fmt:kev:mtx:journal&genre=article&sid=ProQ:ProQ%3Aabiglobal&atitle=Representation+in+Nonelected+Participatory+Processes%3A+How+Residents+Understand+the+Role+of+Nonprofit+Community-based+Organizations%3A+J-PART&title=Journal+of+Public+Administration+Research+and+Theory&issn=10531858&date=2013-10-01&volume=23&issue=4&spage=839&au=Mosley%2C+Jennifer+E%3BGrogan%2C+Colleen+M&isbn=&jtitle=Journal+of+Public+Administration+Research+and+Theory&btitle=&rft_id=info:eric/&rft_id=info:doi/10.1093%2Fjopart%2Fmus043},
   year = {2013},
   type = {Journal Article}
}

@article{RN1923,
   author = {Nesbit, Rebecca and Reingold, David A.},
   title = {Soldiers to Citizens: The Link between Military Service and Volunteering},
   journal = {Public Administration Review},
   volume = {71},
   number = {1},
   pages = {67-76},
   ISSN = {00333352},
   url = {https://login.proxy.library.emory.edu/login?url=https://www.proquest.com/scholarly-journals/soldiers-citizens-link-between-military-service/docview/853414397/se-2?accountid=10747
http://emory-primoprod.hosted.exlibrisgroup.com/openurl/01EMORY/01EMORY_services_page?url_ver=Z39.88-2004&rft_val_fmt=info:ofi/fmt:kev:mtx:journal&genre=article&sid=ProQ:ProQ%3Aabiglobal&atitle=Soldiers+to+Citizens%3A+The+Link+between+Military+Service+and+Volunteering&title=Public+Administration+Review&issn=00333352&date=2011-01-01&volume=71&issue=1&spage=67&au=Nesbit%2C+Rebecca%3BReingold%2C+David+A&isbn=&jtitle=Public+Administration+Review&btitle=&rft_id=info:eric/&rft_id=info:doi/},
   year = {2011},
   type = {Journal Article}
}

@article{RN1941,
   author = {Nowell, Branda},
   title = {Out of Sync and Unaware? Exploring the Effects of Problem Frame Alignment and Discordance in Community Collaboratives: J-PART},
   journal = {Journal of Public Administration Research and Theory},
   volume = {20},
   number = {1},
   pages = {91},
   ISSN = {10531858},
   DOI = {http://dx.doi.org/10.1093/jopart/mup006},
   url = {https://login.proxy.library.emory.edu/login?url=https://www.proquest.com/scholarly-journals/out-sync-unaware-exploring-effects-problem-frame/docview/232679511/se-2?accountid=10747
http://emory-primoprod.hosted.exlibrisgroup.com/openurl/01EMORY/01EMORY_services_page?url_ver=Z39.88-2004&rft_val_fmt=info:ofi/fmt:kev:mtx:journal&genre=article&sid=ProQ:ProQ%3Aabiglobal&atitle=Out+of+Sync+and+Unaware%3F+Exploring+the+Effects+of+Problem+Frame+Alignment+and+Discordance+in+Community+Collaboratives%3A+J-PART&title=Journal+of+Public+Administration+Research+and+Theory&issn=10531858&date=2010-01-01&volume=20&issue=1&spage=91&au=Nowell%2C+Branda&isbn=&jtitle=Journal+of+Public+Administration+Research+and+Theory&btitle=&rft_id=info:eric/&rft_id=info:doi/10.1093%2Fjopart%2Fmup006},
   year = {2010},
   type = {Journal Article}
}

@article{RN1895,
   author = {Piatak, Jaclyn Schede},
   title = {Altruism by Job Sector: Can Public Sector Employees Lead the Way in Rebuilding Social Capital?: J-PART},
   journal = {Journal of Public Administration Research and Theory},
   volume = {25},
   number = {3},
   pages = {877},
   ISSN = {10531858},
   DOI = {http://dx.doi.org/10.1093/jopart/muu013},
   url = {https://login.proxy.library.emory.edu/login?url=https://www.proquest.com/scholarly-journals/altruism-job-sector-can-public-employees-lead-way/docview/1705127788/se-2?accountid=10747
http://emory-primoprod.hosted.exlibrisgroup.com/openurl/01EMORY/01EMORY_services_page?url_ver=Z39.88-2004&rft_val_fmt=info:ofi/fmt:kev:mtx:journal&genre=article&sid=ProQ:ProQ%3Aabiglobal&atitle=Altruism+by+Job+Sector%3A+Can+Public+Sector+Employees+Lead+the+Way+in+Rebuilding+Social+Capital%3F%3A+J-PART&title=Journal+of+Public+Administration+Research+and+Theory&issn=10531858&date=2015-07-01&volume=25&issue=3&spage=877&au=Piatak%2C+Jaclyn+Schede&isbn=&jtitle=Journal+of+Public+Administration+Research+and+Theory&btitle=&rft_id=info:eric/&rft_id=info:doi/10.1093%2Fjopart%2Fmuu013},
   year = {2015},
   type = {Journal Article}
}

@article{RN1903,
   author = {Provan, Keith G. and Beagles, Jonathan E. and Mercken, Liesbeth and Leischow, Scott J.},
   title = {Awareness of Evidence-Based Practices by Organizations in a Publicly Funded Smoking Cessation Network: J-PART},
   journal = {Journal of Public Administration Research and Theory},
   volume = {23},
   number = {1},
   pages = {133},
   ISSN = {10531858},
   DOI = {http://dx.doi.org/10.1093/jopart/mus011},
   url = {https://login.proxy.library.emory.edu/login?url=https://www.proquest.com/scholarly-journals/awareness-evidence-based-practices-organizations/docview/1239846189/se-2?accountid=10747
http://emory-primoprod.hosted.exlibrisgroup.com/openurl/01EMORY/01EMORY_services_page?url_ver=Z39.88-2004&rft_val_fmt=info:ofi/fmt:kev:mtx:journal&genre=article&sid=ProQ:ProQ%3Aabiglobal&atitle=Awareness+of+Evidence-Based+Practices+by+Organizations+in+a+Publicly+Funded+Smoking+Cessation+Network%3A+J-PART&title=Journal+of+Public+Administration+Research+and+Theory&issn=10531858&date=2013-01-01&volume=23&issue=1&spage=133&au=Provan%2C+Keith+G%3BBeagles%2C+Jonathan+E%3BMercken%2C+Liesbeth%3BLeischow%2C+Scott+J&isbn=&jtitle=Journal+of+Public+Administration+Research+and+Theory&btitle=&rft_id=info:eric/&rft_id=info:doi/10.1093%2Fjopart%2Fmus011},
   year = {2013},
   type = {Journal Article}
}

@article{RN1891,
   author = {Resh, William G. and Marvel, John D. and Wen, Bo},
   title = {The Persistence of Prosocial Work Effort as a Function of Mission Match},
   journal = {Public Administration Review},
   volume = {78},
   number = {1},
   pages = {116-125},
   ISSN = {00333352},
   DOI = {http://dx.doi.org/10.1111/puar.12882},
   url = {https://login.proxy.library.emory.edu/login?url=https://www.proquest.com/scholarly-journals/persistence-prosocial-work-effort-as-function/docview/1986818051/se-2?accountid=10747
http://emory-primoprod.hosted.exlibrisgroup.com/openurl/01EMORY/01EMORY_services_page?url_ver=Z39.88-2004&rft_val_fmt=info:ofi/fmt:kev:mtx:journal&genre=article&sid=ProQ:ProQ%3Aabiglobal&atitle=The+Persistence+of+Prosocial+Work+Effort+as+a+Function+of+Mission+Match&title=Public+Administration+Review&issn=00333352&date=2018-01-01&volume=78&issue=1&spage=116&au=Resh%2C+William+G%3BMarvel%2C+John+D%3BWen%2C+Bo&isbn=&jtitle=Public+Administration+Review&btitle=&rft_id=info:eric/&rft_id=info:doi/10.1111%2Fpuar.12882},
   year = {2018},
   type = {Journal Article}
}

@article{RN1927,
   author = {Roberts, Alasdair},
   title = {A Great and Revolutionary Law? The First Four Years of India's Right to Information Act},
   journal = {Public Administration Review},
   volume = {70},
   number = {6},
   pages = {925-933},
   ISSN = {00333352},
   url = {https://login.proxy.library.emory.edu/login?url=https://www.proquest.com/scholarly-journals/great-revolutionary-law-first-four-years-indias/docview/853334043/se-2?accountid=10747
http://emory-primoprod.hosted.exlibrisgroup.com/openurl/01EMORY/01EMORY_services_page?url_ver=Z39.88-2004&rft_val_fmt=info:ofi/fmt:kev:mtx:journal&genre=article&sid=ProQ:ProQ%3Aabiglobal&atitle=A+Great+and+Revolutionary+Law%3F+The+First+Four+Years+of+India%27s+Right+to+Information+Act&title=Public+Administration+Review&issn=00333352&date=2010-11-01&volume=70&issue=6&spage=925&au=Roberts%2C+Alasdair&isbn=&jtitle=Public+Administration+Review&btitle=&rft_id=info:eric/&rft_id=info:doi/},
   year = {2010},
   type = {Journal Article}
}

@article{RN1911,
   author = {Romzek, Barbara S. and LeRoux, Kelly},
   title = {A Preliminary Theory of Informal Accountability among Network Organizational Actors},
   journal = {Public Administration Review},
   volume = {72},
   number = {3},
   pages = {442},
   ISSN = {00333352},
   DOI = {http://dx.doi.org/10.1111/j.1540-6210.2011.02547.x},
   url = {https://login.proxy.library.emory.edu/login?url=https://www.proquest.com/scholarly-journals/preliminary-theory-informal-accountability-among/docview/1015352489/se-2?accountid=10747
http://emory-primoprod.hosted.exlibrisgroup.com/openurl/01EMORY/01EMORY_services_page?url_ver=Z39.88-2004&rft_val_fmt=info:ofi/fmt:kev:mtx:journal&genre=article&sid=ProQ:ProQ%3Aabiglobal&atitle=A+Preliminary+Theory+of+Informal+Accountability+among+Network+Organizational+Actors&title=Public+Administration+Review&issn=00333352&date=2012-05-01&volume=72&issue=3&spage=442&au=Romzek%2C+Barbara+S%3BLeRoux%2C+Kelly&isbn=&jtitle=Public+Administration+Review&btitle=&rft_id=info:eric/&rft_id=info:doi/10.1111%2Fj.1540-6210.2011.02547.x},
   year = {2012},
   type = {Journal Article}
}

@article{RN1920,
   author = {Shea, Jennifer},
   title = {Taking Nonprofit Intermediaries Seriously: A Middle-Range Theory for Implementation Research},
   journal = {Public Administration Review},
   volume = {71},
   number = {1},
   pages = {57-66},
   ISSN = {00333352},
   DOI = {http://dx.doi.org/10.1111/j.1540-6210.2010.02306.x},
   url = {https://login.proxy.library.emory.edu/login?url=https://www.proquest.com/scholarly-journals/taking-nonprofit-intermediaries-seriously-middle/docview/853426499/se-2?accountid=10747
http://emory-primoprod.hosted.exlibrisgroup.com/openurl/01EMORY/01EMORY_services_page?url_ver=Z39.88-2004&rft_val_fmt=info:ofi/fmt:kev:mtx:journal&genre=article&sid=ProQ:ProQ%3Aabiglobal&atitle=Taking+Nonprofit+Intermediaries+Seriously%3A+A+Middle-Range+Theory+for+Implementation+Research&title=Public+Administration+Review&issn=00333352&date=2011-01-01&volume=71&issue=1&spage=57&au=Shea%2C+Jennifer&isbn=&jtitle=Public+Administration+Review&btitle=&rft_id=info:eric/&rft_id=info:doi/10.1111%2Fj.1540-6210.2010.02306.x},
   year = {2011},
   type = {Journal Article}
}

@article{RN1892,
   author = {St Clair, Travis},
   title = {How Do Nonprofits Respond to Regulatory Thresholds: Evidence From New York's Audit Requirements},
   journal = {Journal of Policy Analysis and Management},
   volume = {35},
   number = {4},
   pages = {772},
   ISSN = {02768739},
   DOI = {http://dx.doi.org/10.1002/pam.21931},
   url = {https://login.proxy.library.emory.edu/login?url=https://www.proquest.com/scholarly-journals/how-do-nonprofits-respond-regulatory-thresholds/docview/1822074575/se-2?accountid=10747
http://emory-primoprod.hosted.exlibrisgroup.com/openurl/01EMORY/01EMORY_services_page?url_ver=Z39.88-2004&rft_val_fmt=info:ofi/fmt:kev:mtx:journal&genre=article&sid=ProQ:ProQ%3Aabiglobal&atitle=How+Do+Nonprofits+Respond+to+Regulatory+Thresholds%3A+Evidence+From+New+York%27s+Audit+Requirements&title=Journal+of+Policy+Analysis+and+Management&issn=02768739&date=2016-10-01&volume=35&issue=4&spage=772&au=St+Clair%2C+Travis&isbn=&jtitle=Journal+of+Policy+Analysis+and+Management&btitle=&rft_id=info:eric/&rft_id=info:doi/10.1002%2Fpam.21931},
   year = {2016},
   type = {Journal Article}
}

@article{RN1924,
   author = {Stark, Andrew},
   title = {The Distinction between Public, Nonprofit, and For-Profit: Revisiting the "Core Legal" Approach: J-PART},
   journal = {Journal of Public Administration Research and Theory},
   volume = {21},
   number = {1},
   pages = {3},
   ISSN = {10531858},
   DOI = {http://dx.doi.org/10.1093/jopart/muq008},
   url = {https://login.proxy.library.emory.edu/login?url=https://www.proquest.com/scholarly-journals/distinction-between-public-nonprofit-profit/docview/817627709/se-2?accountid=10747
http://emory-primoprod.hosted.exlibrisgroup.com/openurl/01EMORY/01EMORY_services_page?url_ver=Z39.88-2004&rft_val_fmt=info:ofi/fmt:kev:mtx:journal&genre=article&sid=ProQ:ProQ%3Aabiglobal&atitle=The+Distinction+between+Public%2C+Nonprofit%2C+and+For-Profit%3A+Revisiting+the+%26quot%3BCore+Legal%26quot%3B+Approach%3A+J-PART&title=Journal+of+Public+Administration+Research+and+Theory&issn=10531858&date=2011-01-01&volume=21&issue=1&spage=3&au=Stark%2C+Andrew&isbn=&jtitle=Journal+of+Public+Administration+Research+and+Theory&btitle=&rft_id=info:eric/&rft_id=info:doi/10.1093%2Fjopart%2Fmuq008},
   year = {2011},
   type = {Journal Article}
}

@article{RN1918,
   author = {Suárez, David F.},
   title = {Collaboration and Professionalization: The Contours of Public Sector Funding for Nonprofit Organizations: J-PART},
   journal = {Journal of Public Administration Research and Theory},
   volume = {21},
   number = {2},
   pages = {307},
   ISSN = {10531858},
   DOI = {http://dx.doi.org/10.1093/jpart/muq049},
   url = {https://login.proxy.library.emory.edu/login?url=https://www.proquest.com/scholarly-journals/collaboration-professionalization-contours-public/docview/863926833/se-2?accountid=10747
http://emory-primoprod.hosted.exlibrisgroup.com/openurl/01EMORY/01EMORY_services_page?url_ver=Z39.88-2004&rft_val_fmt=info:ofi/fmt:kev:mtx:journal&genre=article&sid=ProQ:ProQ%3Aabiglobal&atitle=Collaboration+and+Professionalization%3A+The+Contours+of+Public+Sector+Funding+for+Nonprofit+Organizations%3A+J-PART&title=Journal+of+Public+Administration+Research+and+Theory&issn=10531858&date=2011-04-01&volume=21&issue=2&spage=307&au=Su%C3%A1rez%2C+David+F&isbn=&jtitle=Journal+of+Public+Administration+Research+and+Theory&btitle=&rft_id=info:eric/&rft_id=info:doi/10.1093%2Fjpart%2Fmuq049},
   year = {2011},
   type = {Journal Article}
}

@article{RN1928,
   author = {Thomas, John Clayton and Poister, Theodore H. and Ertas, Nevbahar},
   title = {Customer, Partner, Principal: Local Government Perspectives on State Agency Performance in Georgia: J-PART},
   journal = {Journal of Public Administration Research and Theory},
   volume = {20},
   number = {4},
   pages = {779},
   ISSN = {10531858},
   DOI = {http://dx.doi.org/10.1093/jopart/mup024},
   url = {https://login.proxy.library.emory.edu/login?url=https://www.proquest.com/scholarly-journals/customer-partner-principal-local-government/docview/755032637/se-2?accountid=10747
http://emory-primoprod.hosted.exlibrisgroup.com/openurl/01EMORY/01EMORY_services_page?url_ver=Z39.88-2004&rft_val_fmt=info:ofi/fmt:kev:mtx:journal&genre=article&sid=ProQ:ProQ%3Aabiglobal&atitle=Customer%2C+Partner%2C+Principal%3A+Local+Government+Perspectives+on+State+Agency+Performance+in+Georgia%3A+J-PART&title=Journal+of+Public+Administration+Research+and+Theory&issn=10531858&date=2010-10-01&volume=20&issue=4&spage=779&au=Thomas%2C+John+Clayton%3BPoister%2C+Theodore+H%3BErtas%2C+Nevbahar&isbn=&jtitle=Journal+of+Public+Administration+Research+and+Theory&btitle=&rft_id=info:eric/&rft_id=info:doi/10.1093%2Fjopart%2Fmup024},
   year = {2010},
   type = {Journal Article}
}

@article{RN1908,
   author = {Yoruk, Baris K.},
   title = {The Effect of Media on Charitable Giving and Volunteering: Evidence from the "Give Five" Campaign},
   journal = {Journal of Policy Analysis and Management},
   volume = {31},
   number = {4},
   pages = {813-836},
   ISSN = {0276-8739, 0276-8739},
   url = {https://login.proxy.library.emory.edu/login?url=https://www.proquest.com/scholarly-journals/effect-media-on-charitable-giving-volunteering/docview/1284077486/se-2?accountid=10747
http://emory-primoprod.hosted.exlibrisgroup.com/openurl/01EMORY/01EMORY_services_page?url_ver=Z39.88-2004&rft_val_fmt=info:ofi/fmt:kev:mtx:journal&genre=article&sid=ProQ:ProQ%3Apais&atitle=The+Effect+of+Media+on+Charitable+Giving+and+Volunteering%3A+Evidence+from+the+%22Give+Five%22+Campaign&title=Journal+of+Policy+Analysis+and+Management&issn=02768739&date=2012-09-01&volume=31&issue=4&spage=813&au=Yoruk%2C+Baris+K&isbn=&jtitle=Journal+of+Policy+Analysis+and+Management&btitle=&rft_id=info:eric/2011-343753&rft_id=info:doi/},
   year = {2012},
   type = {Journal Article}
}

