@article{RN1942,
   author = {Khagram, Sanjeev and Thomas, Craig W.},
   title = {Toward a Platinum Standard for Evidence-Based Assessment by 2020},
   journal = {Public Administration Review},
   volume = {70},
   number = {S1},
   pages = {S100-S106},
   ISSN = {00333352},
   DOI = {http://dx.doi.org/10.1111/j.1540-6210.2010.02251.x},
   url = {https://login.proxy.library.emory.edu/login?url=https://www.proquest.com/scholarly-journals/toward-platinum-standard-evidence-based/docview/853424398/se-2?accountid=10747
http://emory-primoprod.hosted.exlibrisgroup.com/openurl/01EMORY/01EMORY_services_page?url_ver=Z39.88-2004&rft_val_fmt=info:ofi/fmt:kev:mtx:journal&genre=article&sid=ProQ:ProQ%3Aabiglobal&atitle=Toward+a+Platinum+Standard+for+Evidence-Based+Assessment+by+2020&title=Public+Administration+Review&issn=00333352&date=2010-12-01&volume=70&issue=S1&spage=S100&au=Khagram%2C+Sanjeev%3BThomas%2C+Craig+W&isbn=&jtitle=Public+Administration+Review&btitle=&rft_id=info:eric/&rft_id=info:doi/10.1111%2Fj.1540-6210.2010.02251.x},
   year = {2010},
   type = {Journal Article}
}

