@article{RN2237,
   author = {Battaglio, R. Paul, Jr. and Gelgec, Salih},
   title = {Exploring the structure and meaning of public service motivation in the Turkish public sector: a test of the mediating effects of job characteristics},
   journal = {Public Management Review},
   volume = {19},
   number = {8},
   pages = {1066-1084},
   ISSN = {14719037},
   DOI = {http://dx.doi.org/10.1080/14719037.2016.1235723},
   url = {https://www.proquest.com/scholarly-journals/exploring-structure-meaning-public-service/docview/1915315193/se-2?accountid=11226
https://libkey.io/libraries/502/openurl?genre=article&au=Battaglio%2C+R+Paul%2C+Jr%3BGelgec%2C+Salih&aulast=Battaglio&issn=14719037&isbn=&title=Exploring+the+structure+and+meaning+of+public+service+motivation+in+the+Turkish+public+sector%3A+a+test+of+the+mediating+effects+of+job+characteristics&jtitle=Public+Management+Review&pubname=Public+Management+Review&btitle=&atitle=Exploring+the+structure+and+meaning+of+public+service+motivation+in+the+Turkish+public+sector%3A+a+test+of+the+mediating+effects+of+job+characteristics&volume=19&issue=8&spage=1066&date=2017&doi=10.1080%2F14719037.2016.1235723&sid=ProQuest
http://galileo-usg-gsu-primo.hosted.exlibrisgroup.com/openurl/GSU/GSU_SP?url_ver=Z39.88-2004&rft_val_fmt=info:ofi/fmt:kev:mtx:journal&genre=article&sid=ProQ:ProQ%3Aabiglobal&atitle=Exploring+the+structure+and+meaning+of+public+service+motivation+in+the+Turkish+public+sector%3A+a+test+of+the+mediating+effects+of+job+characteristics&title=Public+Management+Review&issn=14719037&date=2017-09-01&volume=19&issue=8&spage=1066&au=Battaglio%2C+R+Paul%2C+Jr%3BGelgec%2C+Salih&isbn=&jtitle=Public+Management+Review&btitle=&rft_id=info:eric/&rft_id=info:doi/10.1080%2F14719037.2016.1235723
https://www.tandfonline.com/doi/full/10.1080/14719037.2016.1235723},
   year = {2017},
   type = {Journal Article}
}

@article{RN2238,
   author = {Bleyen, Pieter and Klimovský, Daniel and Bouckaert, Geert and Reichard, Christoph},
   title = {Linking budgeting to results? Evidence about performance budgets in European municipalities based on a comparative analytical model},
   journal = {Public Management Review},
   volume = {19},
   number = {7},
   pages = {932-953},
   ISSN = {14719037},
   DOI = {http://dx.doi.org/10.1080/14719037.2016.1243837},
   url = {https://www.proquest.com/scholarly-journals/linking-budgeting-results-evidence-about/docview/1903486265/se-2?accountid=11226
https://libkey.io/libraries/502/openurl?genre=article&au=Bleyen%2C+Pieter%3BKlimovsk%C3%BD%2C+Daniel%3BBouckaert%2C+Geert%3BReichard%2C+Christoph&aulast=Bleyen&issn=14719037&isbn=&title=Linking+budgeting+to+results%3F+Evidence+about+performance+budgets+in+European+municipalities+based+on+a+comparative+analytical+model&jtitle=Public+Management+Review&pubname=Public+Management+Review&btitle=&atitle=Linking+budgeting+to+results%3F+Evidence+about+performance+budgets+in+European+municipalities+based+on+a+comparative+analytical+model&volume=19&issue=7&spage=932&date=2017&doi=10.1080%2F14719037.2016.1243837&sid=ProQuest
http://galileo-usg-gsu-primo.hosted.exlibrisgroup.com/openurl/GSU/GSU_SP?url_ver=Z39.88-2004&rft_val_fmt=info:ofi/fmt:kev:mtx:journal&genre=article&sid=ProQ:ProQ%3Aabiglobal&atitle=Linking+budgeting+to+results%3F+Evidence+about+performance+budgets+in+European+municipalities+based+on+a+comparative+analytical+model&title=Public+Management+Review&issn=14719037&date=2017-08-01&volume=19&issue=7&spage=932&au=Bleyen%2C+Pieter%3BKlimovsk%C3%BD%2C+Daniel%3BBouckaert%2C+Geert%3BReichard%2C+Christoph&isbn=&jtitle=Public+Management+Review&btitle=&rft_id=info:eric/&rft_id=info:doi/10.1080%2F14719037.2016.1243837
https://www.tandfonline.com/doi/full/10.1080/14719037.2016.1243837},
   year = {2017},
   type = {Journal Article}
}

@article{RN2244,
   author = {Cepiku, Denita and Giordano, Filippo},
   title = {Co-production in developing countries: insights from the community health workers experience},
   journal = {Public management review},
   volume = {16},
   number = {3},
   pages = {317-340},
   ISSN = {1471-9037, 1471-9037},
   DOI = {http://dx.doi.org/10.1080/14719037.2013.822535},
   url = {https://www.proquest.com/scholarly-journals/co-production-developing-countries-insights/docview/1515981641/se-2?accountid=11226
https://libkey.io/libraries/502/openurl?genre=article&au=Cepiku%2C+Denita%3BGiordano%2C+Filippo&aulast=Cepiku&issn=14719037&isbn=&title=Co-production+in+developing+countries%3A+insights+from+the+community+health+workers+experience&jtitle=Public+management+review&pubname=Public+management+review&btitle=&atitle=Co-production+in+developing+countries%3A+insights+from+the+community+health+workers+experience&volume=16&issue=3&spage=317&date=2014&doi=10.1080%2F14719037.2013.822535&sid=ProQuest
http://galileo-usg-gsu-primo.hosted.exlibrisgroup.com/openurl/GSU/GSU_SP?url_ver=Z39.88-2004&rft_val_fmt=info:ofi/fmt:kev:mtx:journal&genre=article&sid=ProQ:ProQ%3Aibss&atitle=Co-production+in+developing+countries%3A+insights+from+the+community+health+workers+experience&title=Public+management+review&issn=14719037&date=2014-04-01&volume=16&issue=3&spage=317&au=Cepiku%2C+Denita%3BGiordano%2C+Filippo&isbn=&jtitle=Public+management+review&btitle=&rft_id=info:eric/4550428&rft_id=info:doi/10.1080%2F14719037.2013.822535
https://www.tandfonline.com/doi/abs/10.1080/14719037.2013.822535},
   year = {2014},
   type = {Journal Article}
}

@article{RN2231,
   author = {Chen, Jinhua},
   title = {Governing collaborations: the case of a pioneering settlement services partnership in Australia},
   journal = {Public Management Review},
   volume = {23},
   number = {9},
   pages = {1295-1316},
   ISSN = {14719037},
   DOI = {http://dx.doi.org/10.1080/14719037.2020.1743345},
   url = {https://www.proquest.com/scholarly-journals/governing-collaborations-case-pioneering/docview/2556552539/se-2?accountid=11226
https://libkey.io/libraries/502/openurl?genre=article&au=Chen%2C+Jinhua&aulast=Chen&issn=14719037&isbn=&title=Governing+collaborations%3A+the+case+of+a+pioneering+settlement+services+partnership+in+Australia&jtitle=Public+Management+Review&pubname=Public+Management+Review&btitle=&atitle=Governing+collaborations%3A+the+case+of+a+pioneering+settlement+services+partnership+in+Australia&volume=23&issue=9&spage=1295&date=2021&doi=10.1080%2F14719037.2020.1743345&sid=ProQuest
http://galileo-usg-gsu-primo.hosted.exlibrisgroup.com/openurl/GSU/GSU_SP?url_ver=Z39.88-2004&rft_val_fmt=info:ofi/fmt:kev:mtx:journal&genre=article&sid=ProQ:ProQ%3Aabiglobal&atitle=Governing+collaborations%3A+the+case+of+a+pioneering+settlement+services+partnership+in+Australia&title=Public+Management+Review&issn=14719037&date=2021-09-01&volume=23&issue=9&spage=1295&au=Chen%2C+Jinhua&isbn=&jtitle=Public+Management+Review&btitle=&rft_id=info:eric/&rft_id=info:doi/10.1080%2F14719037.2020.1743345
https://www.tandfonline.com/doi/full/10.1080/14719037.2020.1743345},
   year = {2021},
   type = {Journal Article}
}

@article{RN2232,
   author = {Choi, Donwe and Park, Jinsol},
   title = {Local government as a catalyst for promoting social enterprise},
   journal = {Public Management Review},
   volume = {23},
   number = {5},
   pages = {665-686},
   ISSN = {14719037},
   DOI = {http://dx.doi.org/10.1080/14719037.2020.1865436},
   url = {https://www.proquest.com/scholarly-journals/local-government-as-catalyst-promoting-social/docview/2500691128/se-2?accountid=11226
https://libkey.io/libraries/502/openurl?genre=article&au=Choi%2C+Donwe%3BPark%2C+Jinsol&aulast=Choi&issn=14719037&isbn=&title=Local+government+as+a+catalyst+for+promoting+social+enterprise&jtitle=Public+Management+Review&pubname=Public+Management+Review&btitle=&atitle=Local+government+as+a+catalyst+for+promoting+social+enterprise&volume=23&issue=5&spage=665&date=2021&doi=10.1080%2F14719037.2020.1865436&sid=ProQuest
http://galileo-usg-gsu-primo.hosted.exlibrisgroup.com/openurl/GSU/GSU_SP?url_ver=Z39.88-2004&rft_val_fmt=info:ofi/fmt:kev:mtx:journal&genre=article&sid=ProQ:ProQ%3Aabiglobal&atitle=Local+government+as+a+catalyst+for+promoting+social+enterprise&title=Public+Management+Review&issn=14719037&date=2021-05-01&volume=23&issue=5&spage=665&au=Choi%2C+Donwe%3BPark%2C+Jinsol&isbn=&jtitle=Public+Management+Review&btitle=&rft_id=info:eric/&rft_id=info:doi/10.1080%2F14719037.2020.1865436
https://www.tandfonline.com/doi/full/10.1080/14719037.2020.1865436},
   year = {2021},
   type = {Journal Article}
}

@article{RN2233,
   author = {Elgin, Dallas J. and Carter, David P.},
   title = {Higher performance with increased risk of undesirable outcomes: the dilemma of U.S. child welfare services privatization},
   journal = {Public Management Review},
   volume = {22},
   number = {11},
   pages = {1603-1623},
   ISSN = {14719037},
   DOI = {http://dx.doi.org/10.1080/14719037.2019.1637013},
   url = {https://www.proquest.com/scholarly-journals/higher-performance-with-increased-risk/docview/2447220782/se-2?accountid=11226
https://libkey.io/libraries/502/openurl?genre=article&au=Elgin%2C+Dallas+J%3BCarter%2C+David+P&aulast=Elgin&issn=14719037&isbn=&title=Higher+performance+with+increased+risk+of+undesirable+outcomes%3A+the+dilemma+of+U.S.+child+welfare+services+privatization&jtitle=Public+Management+Review&pubname=Public+Management+Review&btitle=&atitle=Higher+performance+with+increased+risk+of+undesirable+outcomes%3A+the+dilemma+of+U.S.+child+welfare+services+privatization&volume=22&issue=11&spage=1603&date=2020&doi=10.1080%2F14719037.2019.1637013&sid=ProQuest
http://galileo-usg-gsu-primo.hosted.exlibrisgroup.com/openurl/GSU/GSU_SP?url_ver=Z39.88-2004&rft_val_fmt=info:ofi/fmt:kev:mtx:journal&genre=article&sid=ProQ:ProQ%3Aabiglobal&atitle=Higher+performance+with+increased+risk+of+undesirable+outcomes%3A+the+dilemma+of+U.S.+child+welfare+services+privatization&title=Public+Management+Review&issn=14719037&date=2020-11-01&volume=22&issue=11&spage=1603&au=Elgin%2C+Dallas+J%3BCarter%2C+David+P&isbn=&jtitle=Public+Management+Review&btitle=&rft_id=info:eric/&rft_id=info:doi/10.1080%2F14719037.2019.1637013
https://www.tandfonline.com/doi/full/10.1080/14719037.2019.1637013},
   year = {2020},
   type = {Journal Article}
}

@article{RN2249,
   author = {Fazzi, Luca},
   title = {Social Enterprises, Models Of Governance And The Production Of Welfare Services},
   journal = {Public Management Review},
   volume = {14},
   number = {3},
   pages = {359-376},
   ISSN = {1471-9037, 1471-9037},
   DOI = {http://dx.doi.org/10.1080/14719037.2011.637409},
   url = {https://www.proquest.com/scholarly-journals/social-enterprises-models-governance-production/docview/1728649335/se-2?accountid=11226
https://libkey.io/libraries/502/openurl?genre=article&au=Fazzi%2C+Luca&aulast=Fazzi&issn=14719037&isbn=&title=Social+Enterprises%2C+Models+Of+Governance+And+The+Production+Of+Welfare+Services&jtitle=Public+Management+Review&pubname=Public+Management+Review&btitle=&atitle=Social+Enterprises%2C+Models+Of+Governance+And+The+Production+Of+Welfare+Services&volume=14&issue=3&spage=359&date=2012&doi=10.1080%2F14719037.2011.637409&sid=ProQuest
http://galileo-usg-gsu-primo.hosted.exlibrisgroup.com/openurl/GSU/GSU_SP?url_ver=Z39.88-2004&rft_val_fmt=info:ofi/fmt:kev:mtx:journal&genre=article&sid=ProQ:ProQ%3Apais&atitle=Social+Enterprises%2C+Models+Of+Governance+And+The+Production+Of+Welfare+Services&title=Public+Management+Review&issn=14719037&date=2012-03-01&volume=14&issue=3&spage=359&au=Fazzi%2C+Luca&isbn=&jtitle=Public+Management+Review&btitle=&rft_id=info:eric/2011-293564&rft_id=info:doi/10.1080%2F14719037.2011.637409
https://www.tandfonline.com/doi/abs/10.1080/14719037.2011.637409},
   year = {2012},
   type = {Journal Article}
}

@article{RN2243,
   author = {Furneaux, Craig and Ryan, Neal},
   title = {Modelling NPO-Government Relations: Australian case studies},
   journal = {Public Management Review},
   volume = {16},
   number = {8},
   pages = {1113-1140},
   ISSN = {1471-9037, 1471-9037},
   DOI = {http://dx.doi.org/10.1080/14719037.2014.895030},
   url = {https://www.proquest.com/scholarly-journals/modelling-npo-government-relations-australian/docview/1684419479/se-2?accountid=11226
https://libkey.io/libraries/502/openurl?genre=article&au=Furneaux%2C+Craig%3BRyan%2C+Neal&aulast=Furneaux&issn=14719037&isbn=&title=Modelling+NPO-Government+Relations%3A+Australian+case+studies&jtitle=Public+Management+Review&pubname=Public+Management+Review&btitle=&atitle=Modelling+NPO-Government+Relations%3A+Australian+case+studies&volume=16&issue=8&spage=1113&date=2014&doi=10.1080%2F14719037.2014.895030&sid=ProQuest
http://galileo-usg-gsu-primo.hosted.exlibrisgroup.com/openurl/GSU/GSU_SP?url_ver=Z39.88-2004&rft_val_fmt=info:ofi/fmt:kev:mtx:journal&genre=article&sid=ProQ:ProQ%3Apais&atitle=Modelling+NPO-Government+Relations%3A+Australian+case+studies&title=Public+Management+Review&issn=14719037&date=2014-11-17&volume=16&issue=8&spage=1113&au=Furneaux%2C+Craig%3BRyan%2C+Neal&isbn=&jtitle=Public+Management+Review&btitle=&rft_id=info:eric/2011-794440&rft_id=info:doi/10.1080%2F14719037.2014.895030
https://www.tandfonline.com/doi/abs/10.1080/14719037.2014.895030},
   year = {2014},
   type = {Journal Article}
}

@article{RN2239,
   author = {Kim, Min Young and Park, Sung Min},
   title = {Antecedents and outcomes of acceptance of performance appraisal system in Korean non-profit organizations},
   journal = {Public Management Review},
   volume = {19},
   number = {4},
   pages = {479-500},
   ISSN = {14719037},
   DOI = {http://dx.doi.org/10.1080/14719037.2016.1195436},
   url = {https://www.proquest.com/scholarly-journals/antecedents-outcomes-acceptance-performance/docview/1862751860/se-2?accountid=11226
https://libkey.io/libraries/502/openurl?genre=article&au=Kim%2C+Min+Young%3BPark%2C+Sung+Min&aulast=Kim&issn=14719037&isbn=&title=Antecedents+and+outcomes+of+acceptance+of+performance+appraisal+system+in+Korean+non-profit+organizations&jtitle=Public+Management+Review&pubname=Public+Management+Review&btitle=&atitle=Antecedents+and+outcomes+of+acceptance+of+performance+appraisal+system+in+Korean+non-profit+organizations&volume=19&issue=4&spage=479&date=2017&doi=10.1080%2F14719037.2016.1195436&sid=ProQuest
http://galileo-usg-gsu-primo.hosted.exlibrisgroup.com/openurl/GSU/GSU_SP?url_ver=Z39.88-2004&rft_val_fmt=info:ofi/fmt:kev:mtx:journal&genre=article&sid=ProQ:ProQ%3Aabiglobal&atitle=Antecedents+and+outcomes+of+acceptance+of+performance+appraisal+system+in+Korean+non-profit+organizations&title=Public+Management+Review&issn=14719037&date=2017-04-01&volume=19&issue=4&spage=479&au=Kim%2C+Min+Young%3BPark%2C+Sung+Min&isbn=&jtitle=Public+Management+Review&btitle=&rft_id=info:eric/&rft_id=info:doi/10.1080%2F14719037.2016.1195436
https://www.tandfonline.com/doi/full/10.1080/14719037.2016.1195436},
   year = {2017},
   type = {Journal Article}
}

@article{RN2235,
   author = {Korac, Sanja and Lindenmeier, Jörg and Saliterer, Iris},
   title = {Attractiveness of public sector employment at the pre-entry level - a hierarchical model approach and analysis of gender effects},
   journal = {Public Management Review},
   volume = {22},
   number = {2},
   pages = {206-233},
   ISSN = {14719037},
   DOI = {http://dx.doi.org/10.1080/14719037.2019.1582688},
   url = {https://www.proquest.com/scholarly-journals/attractiveness-public-sector-employment-at-pre/docview/2330799675/se-2?accountid=11226
https://libkey.io/libraries/502/openurl?genre=article&au=Korac%2C+Sanja%3BLindenmeier%2C+J%C3%B6rg%3BSaliterer%2C+Iris&aulast=Korac&issn=14719037&isbn=&title=Attractiveness+of+public+sector+employment+at+the+pre-entry+level+-+a+hierarchical+model+approach+and+analysis+of+gender+effects&jtitle=Public+Management+Review&pubname=Public+Management+Review&btitle=&atitle=Attractiveness+of+public+sector+employment+at+the+pre-entry+level+-+a+hierarchical+model+approach+and+analysis+of+gender+effects&volume=22&issue=2&spage=206&date=2020&doi=10.1080%2F14719037.2019.1582688&sid=ProQuest
http://galileo-usg-gsu-primo.hosted.exlibrisgroup.com/openurl/GSU/GSU_SP?url_ver=Z39.88-2004&rft_val_fmt=info:ofi/fmt:kev:mtx:journal&genre=article&sid=ProQ:ProQ%3Aabiglobal&atitle=Attractiveness+of+public+sector+employment+at+the+pre-entry+level+-+a+hierarchical+model+approach+and+analysis+of+gender+effects&title=Public+Management+Review&issn=14719037&date=2020-02-01&volume=22&issue=2&spage=206&au=Korac%2C+Sanja%3BLindenmeier%2C+J%C3%B6rg%3BSaliterer%2C+Iris&isbn=&jtitle=Public+Management+Review&btitle=&rft_id=info:eric/&rft_id=info:doi/10.1080%2F14719037.2019.1582688
https://www.tandfonline.com/doi/full/10.1080/14719037.2019.1582688},
   year = {2020},
   type = {Journal Article}
}

@article{RN2245,
   author = {Mariani, Laura and Cavenago, Dario},
   title = {Redesigning Welfare Services for Policies Effectiveness: The non-profit organizations (NPOs) perspective},
   journal = {Public Management Review},
   volume = {15},
   number = {7},
   pages = {1011-1039},
   ISSN = {1471-9037, 1471-9037},
   DOI = {http://dx.doi.org/10.1080/14719037.2012.758307},
   url = {https://www.proquest.com/scholarly-journals/redesigning-welfare-services-policies/docview/1531925677/se-2?accountid=11226
https://libkey.io/libraries/502/openurl?genre=article&au=Mariani%2C+Laura%3BCavenago%2C+Dario&aulast=Mariani&issn=14719037&isbn=&title=Redesigning+Welfare+Services+for+Policies+Effectiveness%3A+The+non-profit+organizations+%28NPOs%29+perspective&jtitle=Public+Management+Review&pubname=Public+Management+Review&btitle=&atitle=Redesigning+Welfare+Services+for+Policies+Effectiveness%3A+The+non-profit+organizations+%28NPOs%29+perspective&volume=15&issue=7&spage=1011&date=2013&doi=10.1080%2F14719037.2012.758307&sid=ProQuest
http://galileo-usg-gsu-primo.hosted.exlibrisgroup.com/openurl/GSU/GSU_SP?url_ver=Z39.88-2004&rft_val_fmt=info:ofi/fmt:kev:mtx:journal&genre=article&sid=ProQ:ProQ%3Apais&atitle=Redesigning+Welfare+Services+for+Policies+Effectiveness%3A+The+non-profit+organizations+%28NPOs%29+perspective&title=Public+Management+Review&issn=14719037&date=2013-10-01&volume=15&issue=7&spage=1011&au=Mariani%2C+Laura%3BCavenago%2C+Dario&isbn=&jtitle=Public+Management+Review&btitle=&rft_id=info:eric/2011-536984&rft_id=info:doi/10.1080%2F14719037.2012.758307
https://www.tandfonline.com/doi/abs/10.1080/14719037.2012.758307},
   year = {2013},
   type = {Journal Article}
}

@article{RN2234,
   author = {Mazzei, Micaela and Teasdale, Simon and Calò, Francesca and Roy, Michael J.},
   title = {Co-production and the third sector: conceptualising different approaches to service user involvement},
   journal = {Public Management Review},
   volume = {22},
   number = {9},
   pages = {1265-1283},
   ISSN = {14719037},
   DOI = {http://dx.doi.org/10.1080/14719037.2019.1630135},
   url = {https://www.proquest.com/scholarly-journals/co-production-third-sector-conceptualising/docview/2428200832/se-2
https://libkey.io/libraries/502/openurl?genre=article&au=Mazzei%2C+Micaela%3BTeasdale%2C+Simon%3BCal%C3%B2%2C+Francesca%3BRoy%2C+Michael+J&aulast=Mazzei&issn=14719037&isbn=&title=Co-production+and+the+third+sector%3A+conceptualising+different+approaches+to+service+user+involvement&jtitle=Public+Management+Review&pubname=Public+Management+Review&btitle=&atitle=Co-production+and+the+third+sector%3A+conceptualising+different+approaches+to+service+user+involvement&volume=22&issue=9&spage=1265&date=2020&doi=10.1080%2F14719037.2019.1630135&sid=ProQuest
http://galileo-usg-gsu-primo.hosted.exlibrisgroup.com/openurl/GSU/GSU_SP?url_ver=Z39.88-2004&rft_val_fmt=info:ofi/fmt:kev:mtx:journal&genre=article&sid=ProQ:ProQ%3Aabiglobal&atitle=Co-production+and+the+third+sector%3A+conceptualising+different+approaches+to+service+user+involvement&title=Public+Management+Review&issn=14719037&date=2020-09-01&volume=22&issue=9&spage=1265&au=Mazzei%2C+Micaela%3BTeasdale%2C+Simon%3BCal%C3%B2%2C+Francesca%3BRoy%2C+Michael+J&isbn=&jtitle=Public+Management+Review&btitle=&rft_id=info:eric/&rft_id=info:doi/10.1080%2F14719037.2019.1630135
https://www.tandfonline.com/doi/full/10.1080/14719037.2019.1630135},
   year = {2020},
   type = {Journal Article}
}

@article{RN2236,
   author = {Musso, Juliet A. and Young, Matthew M. and Thom, Michael},
   title = {Volunteerism as co-production in public service management: application to public safety in California},
   journal = {Public Management Review},
   volume = {21},
   number = {4},
   pages = {473-494},
   ISSN = {14719037},
   DOI = {http://dx.doi.org/10.1080/14719037.2018.1487574},
   url = {https://www.proquest.com/scholarly-journals/volunteerism-as-co-production-public-service/docview/2178221314/se-2?accountid=11226
https://libkey.io/libraries/502/openurl?genre=article&au=Musso%2C+Juliet+A%3BYoung%2C+Matthew+M%3BThom%2C+Michael&aulast=Musso&issn=14719037&isbn=&title=Volunteerism+as+co-production+in+public+service+management%3A+application+to+public+safety+in+California&jtitle=Public+Management+Review&pubname=Public+Management+Review&btitle=&atitle=Volunteerism+as+co-production+in+public+service+management%3A+application+to+public+safety+in+California&volume=21&issue=4&spage=473&date=2019&doi=10.1080%2F14719037.2018.1487574&sid=ProQuest
http://galileo-usg-gsu-primo.hosted.exlibrisgroup.com/openurl/GSU/GSU_SP?url_ver=Z39.88-2004&rft_val_fmt=info:ofi/fmt:kev:mtx:journal&genre=article&sid=ProQ:ProQ%3Aabiglobal&atitle=Volunteerism+as+co-production+in+public+service+management%3A+application+to+public+safety+in+California&title=Public+Management+Review&issn=14719037&date=2019-04-01&volume=21&issue=4&spage=473&au=Musso%2C+Juliet+A%3BYoung%2C+Matthew+M%3BThom%2C+Michael&isbn=&jtitle=Public+Management+Review&btitle=&rft_id=info:eric/&rft_id=info:doi/10.1080%2F14719037.2018.1487574
https://www.tandfonline.com/doi/full/10.1080/14719037.2018.1487574},
   year = {2019},
   type = {Journal Article}
}

@article{RN2240,
   author = {Thaler, Julia and Helmig, Bernd},
   title = {Do Codes of Conduct and Ethical Leadership Influence Public Employees' Attitudes and Behaviours? An experimental analysis},
   journal = {Public Management Review},
   volume = {18},
   number = {9},
   pages = {1365-1399},
   ISSN = {14719037},
   DOI = {http://dx.doi.org/10.1080/14719037.2015.1103890},
   url = {https://www.proquest.com/scholarly-journals/do-codes-conduct-ethical-leadership-influence/docview/1806750261/se-2?accountid=11226
https://libkey.io/libraries/502/openurl?genre=article&au=Thaler%2C+Julia%3BHelmig%2C+Bernd&aulast=Thaler&issn=14719037&isbn=&title=Do+Codes+of+Conduct+and+Ethical+Leadership+Influence+Public+Employees%27+Attitudes+and+Behaviours%3F+An+experimental+analysis&jtitle=Public+Management+Review&pubname=Public+Management+Review&btitle=&atitle=Do+Codes+of+Conduct+and+Ethical+Leadership+Influence+Public+Employees%27+Attitudes+and+Behaviours%3F+An+experimental+analysis&volume=18&issue=9&spage=1365&date=2016&doi=10.1080%2F14719037.2015.1103890&sid=ProQuest
http://galileo-usg-gsu-primo.hosted.exlibrisgroup.com/openurl/GSU/GSU_SP?url_ver=Z39.88-2004&rft_val_fmt=info:ofi/fmt:kev:mtx:journal&genre=article&sid=ProQ:ProQ%3Aabiglobal&atitle=Do+Codes+of+Conduct+and+Ethical+Leadership+Influence+Public+Employees%27+Attitudes+and+Behaviours%3F+An+experimental+analysis&title=Public+Management+Review&issn=14719037&date=2016-10-01&volume=18&issue=9&spage=1365&au=Thaler%2C+Julia%3BHelmig%2C+Bernd&isbn=&jtitle=Public+Management+Review&btitle=&rft_id=info:eric/&rft_id=info:doi/10.1080%2F14719037.2015.1103890
https://www.tandfonline.com/doi/full/10.1080/14719037.2015.1103890},
   year = {2016},
   type = {Journal Article}
}

@article{RN2241,
   author = {Van Puyvelde, Stijn and Caers, Ralf and Bois, Cind Du and Jegers, Marc},
   title = {Managerial Objectives and the Governance of Public and Non-Profit Organizations},
   journal = {Public Management Review},
   volume = {18},
   number = {2},
   pages = {221},
   ISSN = {14719037},
   DOI = {http://dx.doi.org/10.1080/14719037.2014.969760},
   url = {https://www.proquest.com/scholarly-journals/managerial-objectives-governance-public-non/docview/1739095275/se-2?accountid=11226
https://libkey.io/libraries/502/openurl?genre=article&au=Van+Puyvelde%2C+Stijn%3BCaers%2C+Ralf%3BBois%2C+Cind+Du%3BJegers%2C+Marc&aulast=Van+Puyvelde&issn=14719037&isbn=&title=Managerial+Objectives+and+the+Governance+of+Public+and+Non-Profit+Organizations&jtitle=Public+Management+Review&pubname=Public+Management+Review&btitle=&atitle=Managerial+Objectives+and+the+Governance+of+Public+and+Non-Profit+Organizations&volume=18&issue=2&spage=221&date=2016&doi=10.1080%2F14719037.2014.969760&sid=ProQuest
http://galileo-usg-gsu-primo.hosted.exlibrisgroup.com/openurl/GSU/GSU_SP?url_ver=Z39.88-2004&rft_val_fmt=info:ofi/fmt:kev:mtx:journal&genre=article&sid=ProQ:ProQ%3Aabiglobal&atitle=Managerial+Objectives+and+the+Governance+of+Public+and+Non-Profit+Organizations&title=Public+Management+Review&issn=14719037&date=2016-01-01&volume=18&issue=2&spage=221&au=Van+Puyvelde%2C+Stijn%3BCaers%2C+Ralf%3BBois%2C+Cind+Du%3BJegers%2C+Marc&isbn=&jtitle=Public+Management+Review&btitle=&rft_id=info:eric/&rft_id=info:doi/10.1080%2F14719037.2014.969760
https://www.tandfonline.com/doi/full/10.1080/14719037.2014.969760},
   year = {2016},
   type = {Journal Article}
}

