
@article{ WOS:000491240700009,
Author = {Jilke, Sebastian and Lu, Jiahuan and Xu, Chengxin and Shinohara, Shugo},
Title = {{Using Large-Scale Social Media Experiments in Public Administration:
   Assessing Charitable Consequences of Government Funding of Nonprofits}},
Journal = {{JOURNAL OF PUBLIC ADMINISTRATION RESEARCH AND THEORY}},
Year = {{2019}},
Volume = {{29}},
Number = {{4}},
Pages = {{627-639}},
Month = {{OCT}},
DOI = {{10.1093/jopart/muy021}},
ISSN = {{1053-1858}},
EISSN = {{1477-9803}},
ResearcherID-Numbers = {{Lu, Jiahuan/I-4781-2019
   Jilke, Sebastian/AAT-6292-2020}},
ORCID-Numbers = {{Lu, Jiahuan/0000-0001-9773-2627
   }},
Unique-ID = {{WOS:000491240700009}},
}

@article{ WOS:000404053800006,
Author = {de Wit, Arjen and Bekkers, Rene},
Title = {{Government Support and Charitable Donations: A Meta-Analysis of the
   Crowding-out Hypothesis}},
Journal = {{JOURNAL OF PUBLIC ADMINISTRATION RESEARCH AND THEORY}},
Year = {{2017}},
Volume = {{27}},
Number = {{2}},
Pages = {{301-319}},
Month = {{APR}},
DOI = {{10.1093/jopart/muw044}},
ISSN = {{1053-1858}},
EISSN = {{1477-9803}},
ResearcherID-Numbers = {{Bekkers, Rene HFP/A-1862-2012
   }},
ORCID-Numbers = {{Bekkers, Rene HFP/0000-0002-4403-7222
   De Wit, Arjen/0000-0001-7911-8850}},
Unique-ID = {{WOS:000404053800006}},
}

@article{ WOS:000464944900006,
Author = {Cheng, Yuan (Daniel)},
Title = {{Nonprofit Spending and Government Provision of Public Services: Testing
   Theories of Government-Nonprofit Relationships}},
Journal = {{JOURNAL OF PUBLIC ADMINISTRATION RESEARCH AND THEORY}},
Year = {{2019}},
Volume = {{29}},
Number = {{2}},
Pages = {{238-254}},
Month = {{APR}},
DOI = {{10.1093/jopart/muy054}},
ISSN = {{1053-1858}},
EISSN = {{1477-9803}},
ResearcherID-Numbers = {{Cheng, Yuan/AAN-2151-2021
   }},
ORCID-Numbers = {{Cheng, Yuan (Daniel)/0000-0003-3937-1792}},
Unique-ID = {{WOS:000464944900006}},
}

@article{ WOS:000312646400008,
Author = {Lecy, Jesse D. and Van Slyke, David M.},
Title = {{Nonprofit Sector Growth and Density: Testing Theories of Government
   Support}},
Journal = {{JOURNAL OF PUBLIC ADMINISTRATION RESEARCH AND THEORY}},
Year = {{2013}},
Volume = {{23}},
Number = {{1}},
Pages = {{189-214}},
Month = {{JAN}},
DOI = {{10.1093/jopart/mus010}},
ISSN = {{1053-1858}},
EISSN = {{1477-9803}},
ResearcherID-Numbers = {{Lecy, Jesse/V-9292-2019}},
Unique-ID = {{WOS:000312646400008}},
}

@article{ WOS:000292324100004,
Author = {Garrow, Eve E.},
Title = {{Receipt of Government Revenue among Nonprofit Human Service
   Organizations}},
Journal = {{JOURNAL OF PUBLIC ADMINISTRATION RESEARCH AND THEORY}},
Year = {{2011}},
Volume = {{21}},
Number = {{3}},
Pages = {{445-471}},
Month = {{JUL}},
DOI = {{10.1093/jopart/muq074}},
ISSN = {{1053-1858}},
EISSN = {{1477-9803}},
Unique-ID = {{WOS:000292324100004}},
}

@article{ WOS:000357884800009,
Author = {Piatak, Jaclyn Schede},
Title = {{Altruism by Job Sector: Can Public Sector Employees Lead the Way in
   Rebuilding Social Capital?}},
Journal = {{JOURNAL OF PUBLIC ADMINISTRATION RESEARCH AND THEORY}},
Year = {{2015}},
Volume = {{25}},
Number = {{3}},
Pages = {{877-900}},
Month = {{JUL}},
DOI = {{10.1093/jopart/muu013}},
ISSN = {{1053-1858}},
EISSN = {{1477-9803}},
ORCID-Numbers = {{Piatak, Jaclyn/0000-0002-6977-7497}},
Unique-ID = {{WOS:000357884800009}},
}

@article{ WOS:000289164400005,
Author = {Suarez, David F.},
Title = {{Collaboration and Professionalization: The Contours of Public Sector
   Funding for Nonprofit Organizations}},
Journal = {{JOURNAL OF PUBLIC ADMINISTRATION RESEARCH AND THEORY}},
Year = {{2011}},
Volume = {{21}},
Number = {{2}},
Pages = {{307-326}},
Month = {{APR}},
DOI = {{10.1093/jpart/muq049}},
ISSN = {{1053-1858}},
EISSN = {{1477-9803}},
Unique-ID = {{WOS:000289164400005}},
}

@article{ WOS:000328570900007,
Author = {Johansen, Morgen and Zhu, Ling},
Title = {{Market Competition, Political Constraint, and Managerial Practice in
   Public, Nonprofit, and Private American Hospitals}},
Journal = {{JOURNAL OF PUBLIC ADMINISTRATION RESEARCH AND THEORY}},
Year = {{2014}},
Volume = {{24}},
Number = {{1}},
Pages = {{159-184}},
Month = {{JAN}},
DOI = {{10.1093/jopart/mut029}},
ISSN = {{1053-1858}},
EISSN = {{1477-9803}},
ResearcherID-Numbers = {{Zhu, Ling/G-6459-2012
   }},
ORCID-Numbers = {{Johansen, Morgen/0000-0003-3015-3633}},
Unique-ID = {{WOS:000328570900007}},
}

@article{ WOS:000282175400004,
Author = {Feeney, Mary K. and Rainey, Hal G.},
Title = {{Personnel Flexibility and Red Tape in Public and Nonprofit
   Organizations: Distinctions Due to Institutional and Political
   Accountability}},
Journal = {{JOURNAL OF PUBLIC ADMINISTRATION RESEARCH AND THEORY}},
Year = {{2010}},
Volume = {{20}},
Number = {{4}},
Pages = {{801-826}},
Month = {{OCT}},
DOI = {{10.1093/jopart/mup027}},
ISSN = {{1053-1858}},
Unique-ID = {{WOS:000282175400004}},
}

@article{ WOS:000537423700003,
Author = {Thomsen, Mette Kjaergaard and Jensen, Ulrich Thy},
Title = {{Service Professionals' Response to Volunteer Involvement in Service
   Production}},
Journal = {{JOURNAL OF PUBLIC ADMINISTRATION RESEARCH AND THEORY}},
Year = {{2020}},
Volume = {{30}},
Number = {{2}},
Pages = {{220-239}},
Month = {{APR}},
DOI = {{10.1093/jopart/muz028}},
ISSN = {{1053-1858}},
EISSN = {{1477-9803}},
Unique-ID = {{WOS:000537423700003}},
}

@article{ WOS:000363250600002,
Author = {Marwell, Nicole P. and Calabrese, Thad},
Title = {{A Deficit Model of Collaborative Governance: Government-Nonprofit Fiscal
   Relations in the Provision of Child Welfare Services}},
Journal = {{JOURNAL OF PUBLIC ADMINISTRATION RESEARCH AND THEORY}},
Year = {{2015}},
Volume = {{25}},
Number = {{4}},
Pages = {{1031-1058}},
Month = {{AUG}},
DOI = {{10.1093/jopart/muu047}},
ISSN = {{1053-1858}},
EISSN = {{1477-9803}},
ResearcherID-Numbers = {{Marwell, Nicole P./T-4787-2019}},
Unique-ID = {{WOS:000363250600002}},
}

@article{ WOS:000285192800001,
Author = {Stark, Andrew},
Title = {{The Distinction between Public, Nonprofit, and For-Profit: Revisiting
   the ``Core Legal{''} Approach}},
Journal = {{JOURNAL OF PUBLIC ADMINISTRATION RESEARCH AND THEORY}},
Year = {{2011}},
Volume = {{21}},
Number = {{1}},
Pages = {{3-26}},
Month = {{JAN}},
DOI = {{10.1093/jopart/muq008}},
ISSN = {{1053-1858}},
EISSN = {{1477-9803}},
Unique-ID = {{WOS:000285192800001}},
}

@article{ WOS:000334111800005,
Author = {Garrow, Eve E.},
Title = {{Does Race Matter in Government Funding of Nonprofit Human Service
   Organizations? The Interaction of Neighborhood Poverty and Race}},
Journal = {{JOURNAL OF PUBLIC ADMINISTRATION RESEARCH AND THEORY}},
Year = {{2014}},
Volume = {{24}},
Number = {{2}},
Pages = {{381-405}},
Month = {{APR}},
DOI = {{10.1093/jopart/mus061}},
ISSN = {{1053-1858}},
EISSN = {{1477-9803}},
Unique-ID = {{WOS:000334111800005}},
}

@article{ WOS:000325259600004,
Author = {Mosley, Jennifer E. and Grogan, Colleen M.},
Title = {{Representation in Nonelected Participatory Processes: How Residents
   Understand the Role of Nonprofit Community-based Organizations}},
Journal = {{JOURNAL OF PUBLIC ADMINISTRATION RESEARCH AND THEORY}},
Year = {{2013}},
Volume = {{23}},
Number = {{4}},
Pages = {{839-863}},
Month = {{OCT}},
DOI = {{10.1093/jopart/mus043}},
ISSN = {{1053-1858}},
EISSN = {{1477-9803}},
Unique-ID = {{WOS:000325259600004}},
}

@article{ WOS:000386153000009,
Author = {Carter, David P.},
Title = {{Public, Nonprofit, and For-Profit Sector Regulatory Approaches in
   Third-Party Regulatory Administration}},
Journal = {{JOURNAL OF PUBLIC ADMINISTRATION RESEARCH AND THEORY}},
Year = {{2016}},
Volume = {{26}},
Number = {{4}},
Pages = {{726-744}},
Month = {{OCT}},
DOI = {{10.1093/jopart/muw022}},
ISSN = {{1053-1858}},
EISSN = {{1477-9803}},
ResearcherID-Numbers = {{Carter, David P/K-2248-2019}},
ORCID-Numbers = {{Carter, David P/0000-0002-7636-7154}},
Unique-ID = {{WOS:000386153000009}},
}

@article{ WOS:000309466100009,
Author = {Mosley, Jennifer E.},
Title = {{Keeping the Lights On: How Government Funding Concerns Drive the
   Advocacy Agendas of Nonprofit Homeless Service Providers}},
Journal = {{JOURNAL OF PUBLIC ADMINISTRATION RESEARCH AND THEORY}},
Year = {{2012}},
Volume = {{22}},
Number = {{4}},
Pages = {{841-866}},
Month = {{OCT}},
DOI = {{10.1093/jopart/mus003}},
ISSN = {{1053-1858}},
Unique-ID = {{WOS:000309466100009}},
}

@article{ WOS:000273258000008,
Author = {Milward, H. Brinton and Provan, Keith G. and Fish, Amy and Isett,
   Kimberley R. and Huang, Kun},
Title = {{Governance and Collaboration: An Evolutionary Study of Two Mental Health
   Networks}},
Journal = {{JOURNAL OF PUBLIC ADMINISTRATION RESEARCH AND THEORY}},
Year = {{2010}},
Volume = {{20}},
Number = {{1}},
Pages = {{I125-I141}},
Month = {{JAN}},
Note = {{Conference on State of Agents, Madison, WI, JUL 23-25, 2008}},
DOI = {{10.1093/jopart/mup038}},
ISSN = {{1053-1858}},
EISSN = {{1477-9803}},
ResearcherID-Numbers = {{Isett, Kimberley/AAH-7676-2021
   Milward, H Brinton/AAQ-2488-2020
   }},
ORCID-Numbers = {{Isett, Kimberley/0000-0002-7584-0181}},
Unique-ID = {{WOS:000273258000008}},
}

@article{ WOS:000279466500006,
Author = {Andrews, Rhys and Entwistle, Tom},
Title = {{Does Cross-Sectoral Partnership Deliver? An Empirical Exploration of
   Public Service Effectiveness, Efficiency, and Equity}},
Journal = {{JOURNAL OF PUBLIC ADMINISTRATION RESEARCH AND THEORY}},
Year = {{2010}},
Volume = {{20}},
Number = {{3}},
Pages = {{679-701}},
Month = {{JUL}},
DOI = {{10.1093/jopart/mup045}},
ISSN = {{1053-1858}},
EISSN = {{1477-9803}},
ResearcherID-Numbers = {{Entwistle, Tom/M-4622-2019
   }},
ORCID-Numbers = {{Entwistle, Tom/0000-0001-6457-4749}},
Unique-ID = {{WOS:000279466500006}},
}

@article{ WOS:000593100700004,
Author = {Lazzarini, Sergio G. and Pongeluppe, Leandro S. and Ito, Nobuiuki C. and
   Oliveira, Felippe de Medeiros and Ovanessoff, Armen},
Title = {{Public Capacity, Plural Forms of Collaboration, and the Performance of
   Public Initiatives: A Configurational Approach}},
Journal = {{JOURNAL OF PUBLIC ADMINISTRATION RESEARCH AND THEORY}},
Year = {{2020}},
Volume = {{30}},
Number = {{4}},
Pages = {{579-595}},
Month = {{OCT}},
DOI = {{10.1093/jopart/muaa007}},
ISSN = {{1053-1858}},
EISSN = {{1477-9803}},
ORCID-Numbers = {{Pongeluppe, Leandro/0000-0001-6195-4455}},
Unique-ID = {{WOS:000593100700004}},
}

@article{ WOS:000428114500003,
Author = {Amirkhanyan, Anna A. and Meier, Kenneth J. and O'Toole, Jr., Laurence J.
   and Dakhwe, Mueen A. and Janzen, Shawn},
Title = {{Management and Performance in US Nursing Homes}},
Journal = {{JOURNAL OF PUBLIC ADMINISTRATION RESEARCH AND THEORY}},
Year = {{2018}},
Volume = {{28}},
Number = {{1}},
Pages = {{33-49}},
Month = {{JAN}},
DOI = {{10.1093/jopart/mux003}},
ISSN = {{1053-1858}},
EISSN = {{1477-9803}},
Unique-ID = {{WOS:000428114500003}},
}

@article{ WOS:000462161800002,
Author = {AbouAssi, Khaldoun and Bauer, Zachary and Johnston, Jocelyn M.},
Title = {{Collaboration, Venus, and Mars: The Gender Factor in Intersectoral
   Relations}},
Journal = {{JOURNAL OF PUBLIC ADMINISTRATION RESEARCH AND THEORY}},
Year = {{2019}},
Volume = {{29}},
Number = {{1}},
Pages = {{18-31}},
Month = {{JAN}},
DOI = {{10.1093/jopart/muy041}},
ISSN = {{1053-1858}},
EISSN = {{1477-9803}},
Unique-ID = {{WOS:000462161800002}},
}

@article{ WOS:000537423700005,
Author = {Chuang, Emmeline and McBeath, Bowen and Carnochan, Sarah and Austin,
   Michael J.},
Title = {{Relational Mechanisms in Complex Contracting: Factors Associated with
   Private Managers' Satisfaction with and Commitment to the Contract
   Relationship}},
Journal = {{JOURNAL OF PUBLIC ADMINISTRATION RESEARCH AND THEORY}},
Year = {{2020}},
Volume = {{30}},
Number = {{2}},
Pages = {{257-274}},
Month = {{APR}},
DOI = {{10.1093/jopart/muz021}},
ISSN = {{1053-1858}},
EISSN = {{1477-9803}},
Unique-ID = {{WOS:000537423700005}},
}

@article{ WOS:000562385100002,
Author = {Holt, Stephen B.},
Title = {{Giving Time: Examining Sector Differences in Volunteering Intensity}},
Journal = {{JOURNAL OF PUBLIC ADMINISTRATION RESEARCH AND THEORY}},
Year = {{2020}},
Volume = {{30}},
Number = {{1}},
Pages = {{22-40}},
Month = {{JAN}},
DOI = {{10.1093/jopart/muz007}},
ISSN = {{1053-1858}},
EISSN = {{1477-9803}},
ResearcherID-Numbers = {{Holt, Stephen B/AAA-5471-2020}},
ORCID-Numbers = {{Holt, Stephen B/0000-0002-9162-661X}},
Unique-ID = {{WOS:000562385100002}},
}

@article{ WOS:000294971000008,
Author = {Christensen, Robert K. and Wright, Bradley E.},
Title = {{The Effects of Public Service Motivation on Job Choice Decisions:
   Disentangling the Contributions of Person-Organization Fit and
   Person-Job Fit}},
Journal = {{JOURNAL OF PUBLIC ADMINISTRATION RESEARCH AND THEORY}},
Year = {{2011}},
Volume = {{21}},
Number = {{4}},
Pages = {{723-743}},
Month = {{OCT}},
DOI = {{10.1093/jopart/muq085}},
ISSN = {{1053-1858}},
EISSN = {{1477-9803}},
ResearcherID-Numbers = {{Christensen, Rob/J-3068-2019}},
ORCID-Numbers = {{Christensen, Rob/0000-0001-6850-4975}},
Unique-ID = {{WOS:000294971000008}},
}

@article{ WOS:000273258000002,
Author = {Heinrich, Carolyn J. and Lynn, Jr., Laurence E. and Milward, H. Brinton},
Title = {{A State of Agents? Sharpening the Debate and Evidence over the Extent
   and Impact of the Transformation of Governance}},
Journal = {{JOURNAL OF PUBLIC ADMINISTRATION RESEARCH AND THEORY}},
Year = {{2010}},
Volume = {{20}},
Number = {{1}},
Pages = {{I3-I19}},
Month = {{JAN}},
Note = {{Conference on State of Agents, Madison, WI, JUL 23-25, 2008}},
DOI = {{10.1093/jopart/mup032}},
ISSN = {{1053-1858}},
EISSN = {{1477-9803}},
ResearcherID-Numbers = {{Milward, H Brinton/AAQ-2488-2020}},
Unique-ID = {{WOS:000273258000002}},
}

@article{ WOS:000302308800005,
Author = {Hefetz, Amir and Warner, Mildred E.},
Title = {{Contracting or Public Delivery? The Importance of Service, Market, and
   Management Characteristics}},
Journal = {{JOURNAL OF PUBLIC ADMINISTRATION RESEARCH AND THEORY}},
Year = {{2012}},
Volume = {{22}},
Number = {{2}},
Pages = {{289-317}},
Month = {{APR}},
DOI = {{10.1093/jopart/mur006}},
ISSN = {{1053-1858}},
EISSN = {{1477-9803}},
ORCID-Numbers = {{Warner, Mildred/0000-0002-0109-338X}},
Unique-ID = {{WOS:000302308800005}},
}

@article{ WOS:000273118100005,
Author = {Nowell, Branda},
Title = {{Out of Sync and Unaware? Exploring the Effects of Problem Frame
   Alignment and Discordance in Community Collaboratives}},
Journal = {{JOURNAL OF PUBLIC ADMINISTRATION RESEARCH AND THEORY}},
Year = {{2010}},
Volume = {{20}},
Number = {{1}},
Pages = {{91-116}},
Month = {{JAN}},
DOI = {{10.1093/jopart/mup006}},
ISSN = {{1053-1858}},
EISSN = {{1477-9803}},
ORCID-Numbers = {{Nowell, Branda/0000-0001-9028-311X}},
Unique-ID = {{WOS:000273118100005}},
}

@article{ WOS:000343326500001,
Author = {Romzek, Barbara and LeRoux, Kelly and Johnston, Jocelyn and Kempf, Robin
   J. and Piatak, Jaclyn Schede},
Title = {{Informal Accountability in Multisector Service Delivery Collaborations}},
Journal = {{JOURNAL OF PUBLIC ADMINISTRATION RESEARCH AND THEORY}},
Year = {{2014}},
Volume = {{24}},
Number = {{4}},
Pages = {{813-842}},
Month = {{OCT}},
DOI = {{10.1093/jopart/mut027}},
ISSN = {{1053-1858}},
EISSN = {{1477-9803}},
Unique-ID = {{WOS:000343326500001}},
}

@article{ WOS:000544170200010,
Author = {Piatak, Jaclyn S. and Holt, Stephen B.},
Title = {{Prosocial Behaviors: A Matter of Altruism or Public Service Motivation?}},
Journal = {{JOURNAL OF PUBLIC ADMINISTRATION RESEARCH AND THEORY}},
Year = {{2020}},
Volume = {{30}},
Number = {{3}},
Pages = {{504-518}},
Month = {{JUL}},
DOI = {{10.1093/jopart/muz041}},
ISSN = {{1053-1858}},
EISSN = {{1477-9803}},
ResearcherID-Numbers = {{Holt, Stephen B/AAA-5471-2020}},
ORCID-Numbers = {{Holt, Stephen B/0000-0002-9162-661X}},
Unique-ID = {{WOS:000544170200010}},
}
