%% This BibTeX bibliography file was created using BibDesk.
%% https://bibdesk.sourceforge.io/

%% Created for Andrew Heiss at 2021-09-09 16:57:41 -0400 


%% Saved with string encoding Unicode (UTF-8) 



@article{BaBerrettCoupet:2021,
	author = {Yuhao Ba and Jessica Berrett and Jason Coupet},
	date-added = {2021-09-09 16:57:26 -0400},
	date-modified = {2021-09-09 16:57:31 -0400},
	doi = {10.1007/s11266-021-00342-w},
	journal = {Voluntas: International Journal of Voluntary and Nonprofit Organizations},
	pages = {1--16},
	title = {Panel Data Analysis: A Guide for Nonprofit Studies},
	year = {2021},
	Bdsk-Url-1 = {https://doi.org/10.1007/s11266-021-00342-w}}
