@Article{BaBerrettCoupet:2021,
  Author = {Yuhao Ba and Jessica Berrett and Jason Coupet},
  Journal = {Voluntas: International Journal of Voluntary and Nonprofit Organizations},
  Pages = {1--16},
  Title = {Panel Data Analysis: A Guide for Nonprofit Studies},
  Year = {2021},
  Doi = {10.1007/s11266-021-00342-w}
}


@Article{BlackwellGlynn:2018,
  Author = {Matthew Blackwell and Adam N. Glynn},
  Journal = {American Political Science Review},
  Month = {8},
  Number = {4},
  Pages = {1067--82},
  Title = {How to Make Causal Inferences with Time-Series Cross-Sectional Data under Selection on Observables},
  Volume = {112},
  Year = {2018},
  Doi = {10.1017/s0003055418000357}
}


@Article{ElwertWinship:2014,
  Author = {Felix Elwert and Christopher Winship},
  Journal = {Annual Review of Sociology},
  Pages = {31--53},
  Title = {Endogenous Selection Bias: The Problem of Conditioning on a Collider Variable},
  Volume = {40},
  Year = {2014},
  Doi = {10.1146/annurev-soc-071913-043455}
}


@Article{HaberWietenRohrer:2021,
  Author = {Noah A. Haber and Sarah E. Wieten and Julia M. Rohrer and Onyebuchi A. Arah and Peter W.G. Tennant and Elizabeth A. Stuart and Eleanor J. Murray and Sophie Pilleron and Sze Tung Lam and Emily Riederer and Sarah Jane Howcutt and Alison E. Simmons and Cl{\'e}mence Leyrat and Philipp Schoenegger and Anna Booman and Mi-Suk Kang Dufour and Ashley L. O'Donoghue and Rebekah Baglini and Stefanie Do and Mari De La Rosa Takashima and Thomas Rhys Evans and Daloha Rodriguez-Molina and Taym M. Alsalti and Daniel J. Dunleavy and Gideon Meyerowitz-Katz and Alberto Antonietti and Jose A. Calvache and Mark J. Kelson and Meg G. Salvia and Camila Olarte Parra and Saman Khalatbari-Soltani and Taylor McLinden and Arthur Chatton and Jessie Seiler and Andreea Steriu and Talal S. Alshihayb and Sarah E. Twardowski and Julia Dabravolskaj and Eric Au and Rachel A. Hoopsick and Shashank Suresh and Nicholas Judd and Sebasti{\'a}n Pe{\~n}a and Cathrine Axfors and Palwasha Khan and Ariadne E. {Rivera Aguirre} and Nnaemeka U. Odo and Ian Schmid and Matthew P. Fox},
  Journal = {medRxiv},
  Title = {Causal and Associational Linking Language From Observational Research and Health Evaluation Literature in Practice: A Systematic Language Evaluation},
  Year = {2021},
  Date = {2021-09-03},
  Doi = {10.1101/2021.08.25.21262631},
  Eprint = {https://www.medrxiv.org/content/early/2021/09/03/2021.08.25.21262631.full.pdf},
  Url = {https://www.medrxiv.org/content/early/2021/09/03/2021.08.25.21262631}
}


@Article{Hernan:2018,
  Author = {Miguel A. Hern{\'a}n},
  Journal = {American Journal of Public Health},
  Month = {5},
  Number = {5},
  Pages = {616--19},
  Title = {The C-Word: Scientific Euphemisms Do Not Improve Causal Inference From Observational Data},
  Volume = {108},
  Year = {2018},
  Doi = {10.2105/AJPH.2018.304337}
}


@Article{KeeleStevensonElwert:2020,
  Author = {Luke Keele and Randolph T. Stevenson and Felix Elwert},
  Journal = {Political Science Research and Methods},
  Month = {1},
  Number = {1},
  Pages = {1--13},
  Title = {The Causal Interpretation of Estimated Associations in Regression Models},
  Volume = {8},
  Year = {2020},
  Doi = {10.1017/psrm.2019.31}
}


@Article{KnoxLoweMummolo:2020,
  Author = {Dean Knox and Will Lowe and Jonathan Mummolo},
  Journal = {American Political Science Review},
  Month = {8},
  Number = {3},
  Pages = {619--637},
  Title = {Administrative Records Mask Racially Biased Policing},
  Volume = {114},
  Year = {2020},
  Doi = {10.1017/S0003055420000039}
}


@Article{Ma-etal:2021,
  Author = {Ji Ma and Islam Akef Ebeid and Arjen {de Wit} and Meiying Xu and Yongzheng Yang and Rene Bekkers and Pamala Wiepking},
  Title = {Computational Social Science for Nonprofit Studies: Developing a Toolbox and Knowledge Base for the Field},
  Year = {2021},
  Doi = {10.31219/osf.io/g9d8u}
}


@Article{Pearl:2019,
  Author = {Judea Pearl},
  Journal = {Journal of Causal Inference},
  Month = {2},
  Number = {1},
  Pages = {1--6},
  Title = {On the Interpretation of \textit{do(x)},
  Volume = {7},
  Year = {2019},
  Doi = {10.1515/jci-2019-2002}
}


@Article{Rohrer:2018,
  Author = {Julia M. Rohrer},
  Journal = {Advances in Methods and Practices in Psychological Science},
  Month = {3},
  Number = {1},
  Pages = {27--42},
  Title = {Thinking Clearly About Correlations and Causation: Graphical Causal Models for Observational Data},
  Volume = {1},
  Year = {2018},
  Doi = {10.1177/2515245917745629}
}


@Article{Samii:2016,
  Author = {Cyrus Samii},
  Journal = {Journal of Politics},
  Month = {7},
  Number = {3},
  Pages = {941--955},
  Title = {Causal Empiricism in Quantitative Research},
  Volume = {78},
  Year = {2016},
  Doi = {10.1086/686690}
}


@Book{AngristPischke:2009,
  Address = {Princeton},
  Author = {Joshua D. Angrist and J{\"o}rn-Steffen Pischke},
  Publisher = {Princeton University Press},
  Title = {Mostly Harmless Econometrics: An Empiricist's Companion},
  Year = {2009}
}


@Book{AngristPischke:2015,
  Address = {Princeton, NJ},
  Author = {Joshua D. Angrist and J{\"o}rn-Steffen Pischke},
  Publisher = {Princeton University Press},
  Title = {Mastering 'Metrics: The Path from Cause to Effect},
  Year = {2015}
}


@Book{Cunningham:2021,
  Address = {New Haven, CT},
  Author = {Scott Cunningham},
  Publisher = {Yale University Press},
  Title = {Causal Inference: The Mixtape},
  Year = {2021},
  Url = {https://mixtape.scunning.com/}
}


@Book{Huntington-Klein:2021,
  Address = {Boca Raton, Florida},
  Author = {Nick Huntington-Klein},
  Publisher = {Chapman and Hall} / CRC},
  Title = {The Effect: An Introduction to Research Design and Causality},
  Year = {2021},
  Url = {https://theeffectbook.net/}
}


@Book{MorganWinship:2014,
  Address = {Cambridge},
  Author = {Stephen L. Morgan and Christopher Winship},
  Edition = {2},
  Publisher = {Cambridge University Press},
  Title = {Counterfactuals and Causal Inference: Methods and Principles for Social Research},
  Year = {2014},
  Doi = {10.1017/cbo9781107587991}
}


@Book{PearlGlymourJewell:2016,
  Address = {Hoboken, New Jersey},
  Author = {Judea Pearl and Madelyn Glymour and Nicholas P. Jewell},
  Publisher = {Wiley},
  Title = {Causal Inference in Statistics: A Primer},
  Year = {2016}
}


@Book{PearlMackenzie:2018,
  Address = {New York},
  Author = {Judea Pearl and Dana Mackenzie},
  Publisher = {Basic Books},
  Title = {The Book of Why: The New Science of Cause and Effect},
  Year = {2018}
}


@Incollection{Elwert:2013,
  Address = {New York},
  Author = {Felix Elwert},
  Booktitle = {Handbook of Causal Analysis for Social Research},
  Chapter = {13},
  Editor = {Stephen L. Morgan},
  Pages = {245--273},
  Publisher = {Springer},
  Title = {Graphical Causal Models},
  Year = {2013},
  Doi = {10.1007/978-94-007-6094-3_13}
}


@Inproceedings{Pearl:2012,
  Address = {Arlington, Virginia},
  Author = {Judea Pearl},
  Booktitle = {Proceedings of the Twenty-Eighth Conference on Uncertainty in Artificial Intelligence},
  Month = {8},
  Pages = {3--11},
  Publisher = {AUAI Press},
  Series = {UAI'12},
  Title = {The \textit{Do}-Calculus Revisited},
  Year = {2012},
  Url = {https://dl.acm.org/doi/10.5555/3020652.3020654}
}


@Techreport{BellemareBloemWexler:2020,
  Author = {Marc F. Bellemare and Jeffrey R. Bloem and Noah Wexler},
  Title = {The Paper of How: Estimating Treatment Effects Using the Front-Door Criterion},
  Type = {Working paper},
  Year = {2020},
  Date = {2020-06-18},
  Url = {http://marcfbellemare.com/wordpress/wp-content/uploads/2020/06/BellemareBloemWexlerFDCJune2020.pdf}
}
